3704 5559
872 492 1011 558 116
1597 499 2004 553 COMENTUM
2052 499 2490 552 punem-orm

868 654 992 723 tur
1067 647 1139 719 in
1214 644 1602 720 duodecim
1670 644 1900 740 signa,
1961 650 2035 718 et
2095 642 2468 739 quodlibet
2524 640 2815 738 signum
2849 636 2923 733 (¹)
2993 642 3213 715 habet

867 767 1159 863 triginta
1218 766 1515 862 graduS‚
1552 771 1626 839 et
1677 765 1779 838 sic
1845 770 2041 838 totus
2108 764 2450 838 zodiacus
2515 762 2922 837 secundum
2975 768 3214 835 astro-

866 888 1071 983 logos
1131 886 1451 960 contiuet
1500 884 1775 981 gradus
1830 890 2245 958 tercentum
2298 883 2725 979 sexaginta3
2780 889 2855 957 et
2905 903 3050 956 non
3100 881 3216 954 in-

798 1002 812 1009 ’
865 1007 1147 1103 telligas
1199 1006 1291 1080 de
1342 1010 1547 1079 motu
1607 1005 1907 1099 proprio
1966 1005 2156 1098 soliS,
2212 1004 2385 1098 quia
2436 1005 2546 1078 sol
2604 1010 2745 1077 stat
2796 1023 2929 1097 per
2980 1023 3215 1075 unum

864 1147 1198 1202 mensem
1251 1127 1324 1199 in
1351 1117 1425 1218 (²)
1481 1145 1632 1199 uno
1684 1125 1915 1221 signo,
1968 1125 2095 1200 sed
2157 1124 2250 1199 de
2301 1130 2510 1196 motu
2562 1122 3007 1196 firmamenti
3060 1122 3216 1195 vio-

867 1247 1086 1321 lento.
1123 1245 1328 1320 Unde
1380 1251 1551 1319 nota
1594 1245 1790 1338 quod
1833 1244 2384 1318 firmamentum
2426 1249 2769 1317 movetur
2802 1244 2897 1317 ab
2932 1241 3216 1316 oriente

866 1367 943 1441 in
986 1366 1439 1441 occidentem
1477 1386 1613 1439 suo
1650 1372 1859 1439 motu
1898 1365 2234 1459 naturali,
2271 1371 2345 1438 et
2387 1364 2604 1440 trahit
2650 1384 2906 1438 secum
2956 1381 3214 1435 omnes

867 1508 1118 1582 speras
1197 1486 1655 1579 planetarum
1732 1486 1804 1558 in
1882 1506 2031 1558 una
2116 1485 2233 1558 die
2309 1484 2656 1577 naturali,
2736 1482 3068 1556 videlicet
3140 1481 3216 1554 in

868 1607 1122 1703 viginti
1174 1612 1493 1701 quatuor
1556 1606 1792 1699 horis3
1855 1605 1980 1680 sed
2048 1606 2153 1678 501
2215 1611 2290 1679 et
2365 1604 2609 1678 caeteri
2687 1605 2992 1697 planetae
3054 1621 3217 1674 mo-

869 1734 1138 1801 ventur
1187 1733 1396 1800 motu
1450 1726 1745 1819 proprio
1794 1732 2052 1799 contra
2105 1724 2682 1798 firmamentum.
2745 1722 3020 1796 Accidit
3081 1721 3217 1816 igi-

873 1854 995 1920 tur
1045 1846 1138 1920 de
1187 1848 1340 1920 5010
1391 1845 1578 1919 510οῐ
1629 1845 1719 1918 de
1772 1845 2077 1918 formica
2112 1866 2335 1938 supra
2382 1851 2565 1937 rota,
2603 1863 2771 1938 quae
2824 1848 3216 1917 moveatur

874 1975 1079 2040 motu
1155 1967 1524 2041 contrario
1586 1966 1819 2039 motui
1881 1972 2086 2059 rotae,
2148 1966 2247 2039 ita
2309 1965 2505 2059 quod
2568 1971 2731 2039 rota
2790 1965 2958 2038 facit
3021 1983 3214 2057 saepe

875 2094 1105 2161 totam
1161 2087 1693 2161 revolutionem
1748 2107 1962 2159 suam
2016 2093 2416 2179 antequam
2469 2086 2775 2159 formica
2827 2090 3215 2179 percurrat

873 2228 1110 2281 unum
1163 2206 1456 2280 clavum
1511 2212 1711 2279 rotae.
1755 2205 1878 2279 Sol
1930 2226 2110 2302 ergo
2161 2212 2505 2279 movetur
2542 2206 2614 2278 in
2649 2226 2786 2280 suo
2825 2206 3056 2301 signo,
3092 2205 3216 2280 sed

876 2326 1222 2401 velociter
1276 2329 1550 2398 tractus
1600 2346 1645 2398 a
1697 2324 2167 2399 firmamento
2219 2325 2479 2399 circuit
2531 2332 2767 2399 totum
2820 2327 3090 2400 coelum
3145 2326 3218 2398 in

875 2468 1026 2523 una
1075 2447 1213 2520 die.
1267 2445 1452 2519 Dicit
1502 2465 1683 2541 ergo
1736 2456 1996 2540 poeta:
2051 2453 2116 2519 et
2143 2449 2214 2518 io
2247 2468 2391 2519 non
2441 2450 2532 2519 m’
2557 2468 2684 2519 era
2734 2453 3042 2536 accorlo,
3079 2446 3218 2519 sci-

875 2566 1045 2642 licet
1092 2567 1185 2641 de
1236 2571 1437 2639 tanto
1490 2585 1792 2638 ascensu
1848 2566 2040 2659 solis,
2085 2570 2367 2657 quando
2418 2572 2782 2659 venimnw,
2815 2566 2907 2640 ad
2942 2568 3216 2659 locum,

877 2691 1054 2762 dove
1104 2689 1319 2779 quelle
1353 2688 1583 2758 anime
1616 2687 1715 2757 ad
1746 2706 1918 2777 una,
1956 2686 2160 2781 idest,
2198 2687 2440 2779 simul,
2474 2690 2777 2777 qridaro
2818 2708 2866 2759 a
2906 2690 3068 2759 noi:
3104 2688 3222 2777 qui

867 2805 919 2883 c*
965 2815 1202 2881 vostro
1252 2807 1613 2896 elimando,
1678 2807 1887 2899 quasi
1949 2806 2187 2881 dicat:
2252 2808 2389 2880 hac
2452 2807 2728 2884 debetis
2788 2809 3083 2882 intrare.
3124 2848 3221 2861 —-

878 2930 1270 3020 Maqqiore.
1327 2927 1456 2999 Hic
1509 2933 1729 3021 poeta
1787 2925 2128 3000 describit
2180 2926 2559 3000 introitum
2613 2928 2879 3001 montis
2929 2935 3218 3001 arctum

879 3055 954 3122 et
1001 3067 1348 3142 asperum
1401 3066 1530 3141 per
1598 3066 1823 3119 unam
1890 3046 2517 3140 comparationem
2584 3046 3061 3122 domesticam
3131 3046 3222 3120 de

879 3169 1069 3243 vado
1119 3178 1322 3243 arcto
1374 3174 1447 3241 et
1497 3187 1757 3261 aspero
1824 3165 2077 3260 vineae,
2132 3166 2329 3260 quod
2389 3167 2655 3240 vinitor
2719 3167 2989 3241 claudit
3050 3188 3222 3241 cum

878 3287 1130 3383 paucis
1181 3287 1422 3380 spiniS,
1476 3285 1767 3379 quando
1820 3307 1966 3360 uva
2018 3286 2263 3380 incipit
2315 3285 2714 3378 maturari3
2768 3287 2963 3360 unde
3013 3287 3221 3361 dicit:

879 3411 924 3481 l’
950 3428 1113 3481 uom
1175 3408 1358 3478 della
1428 3408 1629 3495 villa,
1698 3412 1943 3478 custos
2012 3405 2128 3479 vel
2204 3406 2444 3479 cultor
2514 3405 2777 3499 vineae,
2851 3410 3221 3498 impruna,

881 3527 1087 3620 idest,
1142 3526 1485 3619 inspinat;
1540 3546 1705 3598 nam
1745 3546 2028 3619 prunus
2064 3531 2174 3599 est
2207 3525 2431 3599 arbor
2467 3525 2776 3619 spinosa,
2813 3530 3016 3599 molle
3049 3530 3224 3599 volte

880 3670 1014 3721 con
1062 3668 1207 3720 una
1251 3648 1622 3739 forcalella
1670 3648 1745 3717 di
1791 3666 1911 3718 sue
1958 3649 2178 3738 spine,
2228 3645 2434 3740 idest,
2488 3668 2662 3720 cum
2715 3647 3043 3742 pauculis
3076 3647 3223 3741 spi-

881 3768 1013 3862 niS,
1050 3787 1233 3862 quas
1267 3765 1486 3860 coepit
1520 3786 1693 3838 cum
1733 3764 2043 3859 furcula,
2080 3769 2363 3856 quando
2399 3769 2602 3839 l'uva
2633 3767 2986 3858 imbrtma,
3017 3768 3223 3861 idest,

881 3886 1330 3980 maturescit,
1383 3886 1556 3980 quia
1608 3885 1681 3958 in
1734 3907 1880 3959 uva
1932 3885 2140 3980 nigra
2193 3885 2403 3959 citius
2454 3892 2756 3981 apparet
2815 3888 3220 3981 maturitaS,

882 4016 957 4084 et
1007 4009 1169 4083 talis
1221 4007 1533 4081 habetur
1584 4005 2077 4079 communiter
2129 4005 2536 4099 Florentiae,
2560 4009 2906 4097 maqqior
2947 4015 3222 4099 aperta,

883 4129 1087 4222 idest,
1141 4127 1413 4202 vadum
1467 4126 1705 4217 latius,
1758 4127 1877 4197 che
1938 4145 2081 4196 non
2144 4146 2272 4197 era
2337 4128 2405 4198 lo
2467 4129 2666 4218 calle,
2719 4126 2924 4221 idest,
2978 4128 3225 4202 stricta

885 4248 1167 4339 semita,
1216 4249 1396 4318 onde
1442 4249 1664 4318 saline
1697 4247 1766 4317 lo
1807 4247 1989 4318 duca
2038 4247 2204 4334 mic,
2255 4244 2437 4318 idest
2491 4245 2827 4342 Virgilius
2868 4248 2995 4342 qui
3030 4270 3227 4322 sem-

883 4388 1016 4463 per
1067 4364 1544 4460 praecedebat‚
1609 4371 1675 4437 et
1735 4368 1805 4436 io
1870 4385 2207 4456 appresso
2274 4367 2432 4454 soli,
2500 4366 2673 4459 quia
2741 4367 2902 4441 aliae
2959 4368 3224 4440 animae

1012 4615 1069 4677 (¹)
1100 4616 1161 4666 Ε.
1195 4615 1482 4680 signorum.
2013 4614 2068 4681 (²)
2101 4618 2160 4669 E.
2193 4619 2247 4668 in
2278 4619 2512 4684 quoiibet
2542 4621 2706 4685 signo.
