3704 5559
821 459 912 522 72
1538 466 1947 520 COMENTUM
1996 466 2440 519 PURGATORII

818 610 1284 706 tempestatiS,
1340 609 1512 704 quia
1564 611 1721 683 talis
1774 630 1968 703 saepe
2021 607 2429 703 mergitur:
2475 608 2549 680 in
2600 628 2690 682 eo
2743 609 2869 702 qui
2922 630 3164 706 aegro-

816 741 1000 825 tanS,
1054 730 1349 805 medicis
1401 730 1866 822 contradicit3
1920 735 1994 803 et
2044 730 2141 802 ita
2193 749 2483 822 possem
2533 728 2780 803 dicere
2815 730 2906 804 de
2943 731 3161 804 mille.

814 855 980 927 Ideo
1032 853 1222 926 bene
1272 851 1441 924 dicit
1491 851 1792 943 Casella,
1845 850 2044 944 quod
2110 850 2311 923 nulla
2368 849 2556 923 facta
2618 857 2728 924 est
2785 851 2919 924 sibi
2973 852 3162 925 iniu—

818 972 1009 1046 stitia
1060 972 1118 1043 si
1171 990 1319 1043 non
1371 970 1506 1042 suit
1546 969 1831 1064 jamdiu
1902 970 2185 1043 levatus
2217 961 2288 1060 (¹)
2344 969 2438 1041 ab
2500 972 2781 1065 Angelo
2850 971 3161 1044 Domini.

816 1095 906 1167 Et
955 1091 1303 1165 continuo
1353 1089 1629 1164 Casella
1695 1090 2018 1185 assignat
2082 1110 2381 1163 causam
2454 1091 2569 1162 sui
2630 1091 2822 1183 dicti,
2875 1092 3160 1166 dicens:

818 1215 937 1285 che
987 1215 1061 1283 di
1105 1213 1330 1301 qiuslo
1383 1213 1577 1282 voler
1637 1212 1705 1281 lo
1763 1232 1890 1281 suo
1947 1212 2011 1282 si
2052 1215 2256 1303 face;
2320 1217 2667 1285 construe
2718 1211 2858 1285 sic:
2928 1215 3048 1285 elce
3098 1215 3165 1284 lo

818 1354 973 1423 SuO,
1040 1332 1315 1426 supple,
1387 1332 1593 1423 velle,
1660 1333 1723 1402 si
1781 1335 1942 1424 face
2006 1334 2080 1403 cli
2145 1334 2369 1420 §iusto
2434 1335 2651 1422 voler,
2722 1331 2924 1426 idest,
2991 1334 3164 1426 quia

822 1454 1158 1528 voluntas
1206 1452 1461 1548 Angeli
1511 1451 1591 1524 fit
1641 1472 1732 1525 ex
1788 1451 2167 1525 voluntate
2218 1450 2482 1543 divina,
2521 1473 2688 1543 quae
2723 1458 2833 1525 est
2874 1474 3165 1547 semper

811 1574 1038 1668 justa,
1098 1573 1305 1665 quasi
1371 1572 1607 1646 dicat:
1672 1572 1996 1667 Angelus
2049 1571 2320 1644 nemini
2371 1578 2609 1666 potest
2668 1571 2911 1647 facere
2976 1574 3160 1646 iniu-

821 1693 1006 1767 riam
1061 1714 1234 1766 cum
1285 1693 1375 1765 sit
1434 1692 1762 1765 minister
1831 1692 2092 1765 divinae
2158 1692 2574 1763 voluntatis
2601 1692 2845 1787 Justae.
2911 1696 2999 1766 Et
3048 1695 3164 1768 hic

822 1823 993 1889 nota
1043 1814 1254 1907 bene,
1307 1813 1559 1905 lector,
1610 1813 1810 1905 quod
1864 1812 2051 1885 sicut
2101 1811 2270 1885 dicit
2310 1811 2666 1885 Calcidius
2708 1821 3165 1889 comentator

820 1957 1044 2031 super
1094 1922 1519 2007 Thimaeum‘
1562 1933 1900 2025 Platonis,
1955 1939 2039 2003 ut
2100 1933 2296 2005 Deus
2354 1933 2571 2027 juxta
2622 1934 3008 2028 Angelum,
3063 1935 3163 2008 sic

821 2055 1141 2149 Angelus
1182 2056 1396 2148 Juxta
1448 2053 1844 2125 hominem.
1891 2052 2146 2146 Angeli
2185 2052 2378 2125 enim
2418 2059 2588 2126 sunt
2639 2054 2844 2126 nobis
2898 2056 3063 2127 usui
3089 2046 3163 2145 (²)

823 2176 1240 2248 nuntiantes
1291 2173 1445 2246 Deo
1497 2179 1780 2245 nostras
1833 2192 2088 2265 preces
2143 2177 2215 2245 et
2267 2172 2681 2244 hominibus
2729 2174 2856 2246 Dei
2904 2176 3164 2248 volun-

825 2304 1048 2371 tatem
1094 2295 1530 2386 intimanteS,
1569 2300 1643 2366 et
1676 2293 1771 2366 illi
1811 2300 2135 2366 nostram
2172 2284 2243 2385 (³)
2295 2293 2791 2388 indigentiam,
2833 2300 3035 2367 certe
3070 2295 3163 2368 ad

824 2437 956 2490 nos
1006 2416 1331 2488 divinum
1385 2414 1745 2487 auxilium
1780 2414 2226 2507 deserentes;
2266 2434 2490 2506 quam
2546 2414 2641 2485 ob
2693 2434 2994 2487 causam
3035 2435 3164 2489 vo-

825 2536 967 2610 cati
1019 2541 1189 2608 sunt
1237 2534 1489 2629 Angeli
1543 2534 1639 2607 ob
1689 2533 2062 2606 assiduum
2118 2533 2442 2606 officium
2481 2533 2878 2622 nuntiandi.
2929 2535 3163 2608 Huius

822 2655 1154 2730 beneficii
1207 2655 1406 2728 testis
1457 2661 1567 2728 est
1617 2654 1961 2727 universa
2014 2654 2291 2727 Graecia
2352 2652 2451 2728 et¹
2491 2661 2638 2728 tota
2699 2656 2934 2749 Italia,
2991 2678 3162 2731 nam

823 2786 1091 2851 natura
1140 2776 1429 2872 generis
1466 2774 1768 2848 humani
1806 2774 2019 2848 nimis
2056 2774 2343 2849 infirma
2383 2775 2654 2872 indiget
2689 2777 2963 2851 auxilio
3006 2800 3166 2853 me-

821 2897 1019 2972 lioris
1087 2904 1161 2970 et
1235 2895 1686 2990 perfectioris
1763 2901 2086 2968 naturae:
2167 2917 2391 2989 quam
2469 2897 2564 2970 ob
2646 2918 2803 2971 rem
2878 2906 3167 2972 creator

819 3017 1153 3092 omnium
1207 3024 1280 3089 et
1330 3023 1807 3089 conservator
1861 3017 2055 3089 Deus
2102 3017 2351 3089 volens
2385 3037 2624 3111 genus
2660 3008 3166 3110 humanum(⁴)

818 3157 1003 3229 esse,
1040 3136 1362 3229 praefecit
1413 3136 1517 3208 eis
1567 3136 1906 3231 AngelOS,
1943 3157 2074 3229 per
2111 3156 2297 3228 quos
2342 3143 2540 3210 recte
2578 3146 3052 3234 regerentur:
3092 3148 3166 3212 et

820 3257 933 3329 isti
986 3255 1283 3348 quidem
1336 3255 1642 3327 ministri
1696 3256 1824 3329 Dei
1879 3263 2327 3349 protectores
2390 3258 2618 3331 nostri
2678 3267 2846 3331 sunt
2906 3268 3164 3333 contra

822 3375 1209 3448 adversam
1247 3379 1705 3467 potestatem,
1733 3375 1825 3448 de
1861 3376 2126 3467 quibus
2160 3376 2262 3448 ait
2294 3377 2518 3469 Plato,
2547 3378 2744 3470 quod
2772 3385 2945 3452 sunt
2978 3400 3163 3473 qua-

822 3494 991 3568 dam
1029 3492 1437 3566 admirabili
1474 3493 1883 3586 prudentia,
1921 3496 2282 3569 memoria
2320 3499 2433 3570 vel
2457 3488 2530 3588 (5)
2570 3498 2953 3590 docilitate,
2991 3500 3163 3592 quia

823 3614 1070 3687 omnia
1123 3613 1373 3706 sciant,
1427 3620 1502 3687 et
1561 3615 2034 3710 cogitationes
2084 3616 2468 3689 hominum
2521 3618 3038 3713 introspiciant,
3091 3632 3164 3698 et

823 3736 1030 3809 bonis
1082 3735 1380 3828 quidem
1433 3735 1702 3809 eximie
1753 3736 2231 3830 delectentur,
2274 3738 2642 3831 improbos
2679 3740 2986 3833 oderint,
3032 3763 3165 3816 nec

824 3855 1157 3948 visibileS,
1213 3875 1348 3929 nec
1399 3855 1793 3929 sensibiles.
1846 3856 1935 3928 Et
1984 3857 2293 3931 ostendit
2332 3858 2609 3932 Casella
2653 3860 2946 3952 quando
2989 3884 3068 3936 se
3090 3853 3162 3953 (⁶)

824 3977 1331 4069 habilitaverit,
1356 3982 1661 4071 tangens
1693 3982 1982 4070 tempus
2009 3979 2369 4072 generalis
2399 3980 2865 4075 indulgentiae
2884 3983 3163 4057 dicens:

822 4104 1214 4170 veramente
1264 4099 1400 4187 elli,
1453 4097 1725 4170 scilicet
1777 4096 2099 4192 Angelus
2149 4101 2534 4194 gratiosuS,
2587 4104 2680 4172 Ιια
2732 4105 2920 4195 tollo,
2958 4103 3163 4198 idest,

984 4358 1001 4418 )
1032 4355 1083 4404 S.
1116 4355 1363 4405 elevatus.
1683 4357 1738 4420 (¹)
1771 4358 1833 4408 E.
1870 4359 2018 4410 visui.
2331 4362 2384 4420 (⁸)
2418 4362 2468 4412 S.
2504 4364 2566 4412 ad
2601 4370 2848 4414 nostram.

965 4432 1000 4490 ⁸)
1039 4432 1093 4480 E.
1127 4432 1415 4482 humanum
1448 4435 1646 4484 salvum
1680 4448 1807 4484 esse.
1828 4461 1889 4472 —
1910 4435 1960 4484 S.
1996 4436 2281 4486 humanum
2317 4451 2427 4488 esse
2461 4441 2771 4502 perfectum,
2794 4441 3024 4503 praesecit
3048 4444 3135 4492 eis.

989 4512 1006 4646 3

1038 4507 1096 4556 E.
1129 4514 1182 4558 et
1215 4509 1492 4571 docilitate,
1529 4514 1646 4574 quia
1679 4525 1861 4562 omnes
1894 4513 2058 4562 sciant
2089 4519 2142 4564 et
2177 4517 2524 4578 cognitionem
2558 4517 2845 4567 hominum.

1040 4583 1100 4633 E.
1134 4598 1188 4633 se
1219 4585 1553 4648 applicaverit
1585 4593 1638 4637 et
1671 4588 2031 4640 habilitaverit.
