3704 5559
1362 500 1637 555 CANTUS
1689 502 2014 555 TEnTan.
2727 490 2865 555 105

520 647 707 720 forte
739 645 1194 719 contrarium
1225 645 1594 739 credatur,
1632 646 1803 739 quia
1839 652 2182 719 mortuus
2222 668 2388 719 sum
2425 667 2863 721 excommu-

520 766 799 840 nicatus
849 766 925 839 in
977 765 1470 861 indignatione
1502 765 1846 839 ecclesiae.
1887 767 1973 838 Et
2007 767 2325 863 assignat
2368 787 2667 840 causam
2708 786 2864 839 suae

519 888 953 981 salvationis,
1015 887 1307 987 dicens:
1349 890 1599 980 poscia
1661 889 1850 959 ck'io
1919 888 2065 959 ebba·
2131 895 2320 960 rocca
2384 891 2457 959 Ia
2519 876 2862 980 persona,⁷

520 1009 700 1084 idest
750 1030 1015 1103 corpus
1067 1008 1565 1102 vulneratum,
1617 1011 1692 1081 di
1740 1011 1874 1081 due
1921 1012 2102 1101 colpi
2151 1011 2457 1099 mortali,
2502 1009 2735 1082 altero
2791 1007 2864 1079 in

524 1129 725 1224 facie,
777 1130 1011 1203 altero
1063 1129 1136 1201 in
1187 1134 1508 1224 pectore,
1561 1136 1643 1201 ut
1685 1131 1841 1224 jam
1895 1129 2170 1203 dictum
2224 1135 2356 1224 est,
2390 1132 2461 1201 io
2495 1132 2592 1201 mi
2623 1131 2869 1202 rendei

516 1251 943 1342 pianyendO,
978 1269 1068 1323 ex
1114 1249 1548 1322 contritione
1598 1249 1859 1342 cordiS,
1895 1271 1943 1321 a
1977 1252 2132 1342 quei
2179 1252 2296 1322 che
2332 1252 2660 1322 volentier
2690 1270 2864 1340 per-

522 1371 737 1460 dona,
799 1368 1089 1463 scilicet,
1155 1369 1308 1443 Deo
1373 1369 1961 1462 clementissimo,
2027 1369 2239 1443 cuius
2301 1376 2411 1444 est
2478 1368 2861 1463 proprium

522 1488 853 1564 misereri
906 1496 980 1562 et
1029 1508 1322 1583 semper
1375 1509 1702 1582 parcere.
1731 1529 1830 1541 —
1868 1489 2149 1561 Orribil.
2204 1490 2413 1562 Nunc
2448 1487 2863 1561 Mansredus

521 1608 614 1684 ad
664 1607 1295 1684 confirmationem
1339 1608 1508 1682 dicti
1543 1609 1679 1701 sui,
1716 1608 2109 1682 confitetur
2142 1608 2215 1681 in
2250 1628 2525 1704 genere
2567 1612 2864 1700 peccata

522 1750 681 1823 sua,
733 1736 817 1802 ut
847 1729 1182 1802 ostendat
1217 1728 1569 1801 infinitam
1609 1727 2183 1802 misericordiam
2220 1727 2370 1801 Dei».
2409 1727 2613 1800 Unde
2647 1725 2859 1799 dicit:

531 1850 798 1924 ombil
835 1853 1060 1944 suren
1111 1852 1161 1921 li
1199 1851 1467 1941 peccati
1516 1851 1691 1920 miei.
1730 1848 1835 1921 Ad
1882 1848 2254 1922 sciendum
2311 1847 2523 1942 plene
2559 1842 2633 1938 (¹)
2690 1847 2864 1919 hor-

522 1969 939 2045 ribilitatem
974 1975 1447 2064 peccatorum
1483 1969 1828 2043 Mansredi
1867 1968 1938 2042 in
1972 1968 2418 2062 particulari,
2457 1974 2565 2041 est
2590 1958 2666 2058 (²)
2704 1985 2864 2039 me-

518 2090 961 2165 morandum
1013 2091 1211 2184 quod
1262 2090 1676 2164 Mansredus
1711 2089 2037 2183 peccavit
2073 2089 2145 2161 in
2186 2095 2494 2183 patrem,
2532 2087 2862 2180 fratrem,

521 2217 884 2307 nepotem,
936 2217 1010 2285 et
1063 2217 1375 2284 matrem
1431 2211 1834 2284 ecclesiam.
1891 2209 2102 2283 Solus
2132 2200 2205 2301 (³)
2275 2208 2470 2282 enirn
2538 2227 2860 2302 praesens

522 2330 742 2405 morti
789 2336 1134 2427 paternae,
1175 2338 1257 2403 ut
1291 2330 1513 2423 aliqui
1549 2330 1900 2423 scribunt,
1937 2328 2289 2424 praevenit
2338 2328 2622 2421 horam,
2662 2326 2858 2420 quod

520 2450 580 2525 si
628 2471 894 2527 verum
945 2451 1079 2524 fuit
1128 2440 1615 2543 Federicus('*)
1661 2450 1934 2544 recepit
1974 2469 2020 2522 a
2070 2449 2216 2522 filio
2267 2448 2607 2541 naturali,
2662 2445 2862 2541 quod

520 2570 918 2647 crudeliter
969 2571 1242 2645 fecerat
1294 2570 1367 2643 in
1417 2571 1649 2644 filium
1702 2569 2134 2665 legitimum.
2190 2566 2567 2641 Conradus
2607 2572 2859 2640 autem

520 2691 769 2767 audita
803 2698 1044 2765 morte
1078 2691 1299 2787 patris
1334 2691 1701 2765 descendit
1743 2710 1835 2764 ex
1872 2687 2297 2763 Alemannia
2339 2687 2411 2759 in
2447 2685 2749 2779 Italiam,
2788 2690 2863 2759 et

521 2813 720 2889 venit
767 2812 1136 2888 Veronam
1188 2833 1360 2886 cum
1416 2813 1667 2886 favore
1717 2810 2063 2885 Eccirini:
2100 2808 2359 2883 deinde
2396 2806 2753 2880 transiens
2786 2805 2860 2878 in

523 2955 834 3033 regnum
889 2933 1355 3027 recuperavit
1406 2933 1717 3006 Siciliam
1757 2939 1828 3006 et
1864 2931 2111 3006 omnia
2146 2935 2410 3024 praeter
2443 2927 2860 3021 Neapolim3

523 3076 747 3152 quem
798 3053 1211 3129 Manfredus
1261 3054 1426 3128 laete
1488 3052 1782 3147 recepit,
1849 3051 2015 3125 licet
2065 3050 2316 3124 dolens
2366 3048 2635 3141 animo,
2689 3045 2860 3140 quia

524 3175 677 3273 ipse
727 3173 1019 3250 volebat
1067 3173 1495 3247 dominium.
1551 3172 1928 3246 Conradus
1969 3169 2315 3245 continuo
2348 3167 2628 3242 obsedit
2671 3165 2864 3239 Nea-

519 3295 743 3394 polim
796 3295 1079 3393 magnis
1129 3294 1449 3388 viribus3
1511 3314 1658 3387 qua
1710 3292 2005 3365 tandem
2059 3291 2379 3383 obtenta,
2431 3307 2689 3362 omnes
2741 3306 2863 3361 re-

521 3416 748 3492 belles
798 3416 930 3491 sibi
963 3416 1241 3490 amicos
1275 3414 1598 3489 ecclesiae
1633 3420 1784 3485 tam
1821 3411 2195 3508 religiosos
2230 3431 2455 3504 quam
2493 3409 2864 3482 seculares

521 3535 880 3612 contrivit.
933 3536 1040 3608 Ex
1091 3555 1241 3630 quo
1293 3534 1351 3608 si
1404 3533 1675 3606 diutius
1735 3530 2255 3627 supervixisset
2312 3528 2696 3603 videbatur
2747 3527 2865 3599 fu-

519 3663 735 3733 turus
807 3660 1233 3752 persecutor
1308 3652 1633 3728 ecclesiae
1712 3673 1858 3726 non
1934 3650 2180 3722 minus
2253 3655 2492 3742 patre,
2569 3666 2712 3720 avo
2789 3652 2867 3720 et

521 3797 845 3874 proavo3
898 3774 1024 3849 sed
1075 3774 1309 3849 fatum
1362 3773 1636 3848 sueviae
1693 3770 1932 3865 stirpis
1985 3767 2320 3842 trahebat
2384 3767 2612 3838 illum.
2675 3765 2863 3839 Nam

521 3917 695 3974 cum
748 3900 1122 3993 regnasset
1154 3894 1449 3968 duobus
1482 3891 1690 3968 annis
1732 3891 2143 3964 infirmatus
2178 3892 2311 3980 est,
2348 3892 2424 3960 et
2458 3891 2862 3960 venenatus

521 4037 745 4115 opera
794 4015 1142 4091 Manfredi
1182 4035 1315 4111 per
1353 4034 1586 4088 unum
1638 4010 2008 4085 medicum
2042 4010 2116 4083 in
2159 4028 2309 4082 uno
2350 4004 2713 4102 clysterio,
2767 4024 2862 4078 ex

518 4156 671 4232 quo
719 4135 1072 4211 remansit
1120 4133 1475 4230 parvulus
1537 4129 1726 4204 filius
1777 4128 2231 4204 Conradinus
2296 4126 2370 4198 in
2433 4121 2864 4198 Alemannia

516 4262 735 4332 natus
766 4276 864 4331 ex
907 4254 1055 4330 filia
1088 4254 1295 4329 ducis
1329 4251 1661 4327 Bavariae
1711 4249 1829 4325 cui
1883 4254 2111 4343 pater,
2148 4246 2313 4321 licet
2354 4242 2868 4320 excommuni-

516 4382 748 4471 catuS,
774 4375 1068 4472 reliquit
1102 4373 1487 4450 ecclesiam
1533 4371 1901 4465 tutricem,
1937 4389 2131 4443 anno
2168 4373 2435 4461 quarto
2469 4371 2629 4462 post
2664 4386 2869 4439 mor-

638 4563 697 4628 (¹)
729 4566 823 4617 11⁷
853 4575 885 4613 e
914 4562 978 4614 Β.
1008 4567 1185 4614 autem
1218 4562 1386 4626 plene.
1637 4556 1695 4622 (¹)
1728 4559 1788 4609 Ε.
1822 4561 1903 4608 est
1933 4556 2200 4607 sciendum
2231 4559 2287 4605 et
2317 4553 2731 4604 memorandum.

641 4639 697 4707 θ)
729 4643 840 4701 11⁷,
873 4640 997 4691 Fuit
1025 4651 1252 4705 praem
1279 4640 1458 4691 morti.
1639 4636 1694 4698 (⁸)
1727 4635 1787 4685 B.
1819 4634 2102 4685 rodericus
2132 4632 2389 4684 secundus
2420 4630 2634 4693 recepit.
