3704 5559
1172 495 1450 550 currus
1500 494 1816 550 memus
1868 497 2225 561 QUARTUS.
2720 483 2857 550 399

519 640 783 718 terruit
834 646 1158 715 mentem
1211 639 1392 731 eiuS,
1444 641 1563 711 che
1610 643 1673 712 si
1721 642 2024 731 dileyua,
2076 660 2148 712 se
2214 640 2433 713 subito
2481 644 2554 713 la
2604 643 2863 713 nuvola

519 764 913 851 scoscende,
966 760 1167 854 idest,
1221 760 1495 834 scindit.
1550 760 1788 852 Aliqui
1849 766 2095 835 tamen
2156 760 2428 853 dicunt,
2483 761 2678 854 quod
2730 760 2864 835 ista

525 883 659 957 fuit
710 903 851 955 vox
904 881 1285 977 Aglauros»,
1339 900 1508 973 quae
1557 880 1725 954 dicit
1780 879 1977 974 quod
2029 879 2296 954 invidia
2329 879 2609 954 occidet
2660 901 2866 973 eam3

528 1003 644 1077 vel
694 1002 965 1094 dicunt,
1002 1000 1199 1094 quod
1251 1007 1360 1074 est
1412 1000 1677 1074 invidia
1729 1020 1897 1093 quae
1950 1000 2298 1094 loquitur,
2337 1005 2411 1074 et
2449 1000 2620 1073 dicit
2672 1001 2868 1094 quod

527 1143 744 1217 poena
796 1121 932 1195 loci
982 1121 1263 1195 occidet
1324 1141 1488 1194 eam
1519 1113 1615 1211 (¹).
1643 1161 1742 1172 —
1775 1124 1998 1192 Come.
2070 1118 2199 1193 Hic
2258 1127 2470 1213 poeta
2530 1119 2870 1192 describit

528 1241 925 1316 secundam
979 1261 1239 1315 vocem
1291 1261 1422 1336 per
1474 1261 1699 1332 quam
1751 1239 1967 1313 docet
2029 1239 2429 1313 resraenare
2499 1239 2865 1333 invidiam,

529 1362 798 1436 scilicet
848 1360 1374 1435 considerando
1421 1360 1649 1433 alium
1704 1360 2103 1453 pessimum
2157 1358 2501 1433 effectum
2556 1359 2866 1453 invidiae,

532 1502 699 1575 quae
752 1480 985 1554 reddit
1034 1480 1406 1554 hominem
1462 1500 1792 1554 saxeum.
1840 1478 2044 1553 Sicut
2092 1466 2287 1553 enim
2342 1479 2569 1553 frater
2620 1479 2872 1555 invidit

533 1600 762 1692 fratri,
816 1607 896 1673 ut
944 1606 1144 1695 patet
1193 1619 1288 1674 ex
1339 1599 1575 1694 prima
1643 1598 1939 1672 historia
2005 1599 2246 1673 Sacrae
2297 1598 2718 1691 Scripturae,
2771 1598 2871 1673 ita

533 1740 744 1793 soror
796 1719 1044 1792 invidit
1104 1718 1363 1812 sorori,
1426 1725 1507 1792 ut
1575 1724 1770 1813 patet
1835 1739 1928 1792 ex
1997 1718 2129 1792 ista
2194 1717 2514 1799 secunda
2574 1717 2871 1790 historia

535 1839 940 1935 gentilium.
995 1839 1100 1912 Ad
1152 1838 1588 1913 evidentiam
1646 1858 1826 1933 ergo
1876 1837 2097 1910 huius
2137 1837 2366 1910 literae
2402 1836 2623 1910 debes
2658 1838 2866 1929 scire,

534 1959 728 2053 quod
783 1960 968 2033 sicut
1019 1959 1266 2032 scribit
1315 1958 1610 2031 Ovidius
1662 1958 1985 2032 secundo
2038 1958 2328 2031 Maioris
2379 1957 2573 2031 circa
2628 1957 2871 2049 finem,

535 2079 849 2173 Cecrops
886 2079 1010 2172 qui
1047 2079 1179 2151 suit
1213 2078 1493 2172 primus
1531 2098 1661 2152 rex
1703 2077 2159 2151 Athenarum
2197 2077 2451 2150 habuit
2487 2083 2634 2151 tres
2670 2077 2873 2169 filias,

542 2218 860 2292 quarum
914 2219 1061 2272 una
1113 2204 1373 2272 vocata
1423 2203 1532 2272 est
1582 2196 1973 2290 Pandrase,
2027 2196 2167 2269 alia
2227 2196 2608 2290 AglauroS,
2661 2196 2872 2270 tertia

539 2337 719 2392 vero
769 2319 1016 2392 Herse.
1073 2317 1479 2392 Mercurius
1529 2323 1785 2412 captus
1818 2336 2077 2391 amore
2117 2315 2381 2391 Herses
2414 2317 2877 2411 pulcerrimae

542 2437 871 2511 omnium
943 2438 1272 2532 corrupit
1343 2438 1734 2532 AglauroS,
1799 2436 2158 2532 promisso
2228 2457 2499 2533 magno
2574 2436 2877 2510 cumulo

538 2558 723 2649 auri,
778 2563 860 2630 ut
910 2558 1330 2632 conciliaret
1381 2557 1512 2630 sibi
1564 2578 1897 2632 amorem
1954 2556 2224 2630 sororis
2276 2557 2541 2650 Herse3
2578 2562 2652 2630 et
2701 2556 2880 2630 assi-

546 2684 767 2773 gnato
815 2677 954 2769 die,
996 2677 1252 2751 ordine
1286 2677 1480 2769 dato,
1517 2677 1781 2751 invidia
1825 2677 2118 2750 intravit
2170 2697 2299 2750 cor
2349 2676 2710 2771 Aglauros
2748 2695 2881 2769 pro

545 2798 1032 2893 pulcritudine
1098 2800 1393 2891 sororiS,
1447 2821 1614 2892 quae
1683 2800 2073 2873 amabatur
2133 2820 2178 2872 a
2241 2798 2364 2872 tali
2415 2803 2746 2888 amante3
2801 2802 2876 2869 et

546 2917 891 2991 continuo
942 2919 1303 2993 Mercurio
1356 2919 1710 2994 redeunte
1743 2919 1965 3013 coepit
2003 2925 2254 3013 petere
2288 2918 2478 2991 illius
2512 2937 2880 3010 amorem3

549 3037 673 3111 sed
726 3058 898 3111 cum
950 3038 1069 3113 ille
1097 3029 1171 3130 (²)
1227 3046 1627 3132 recusaret,
1671 3046 1745 3113 et
1785 3039 2146 3135 Aglauros
2187 3037 2605 3133 prohiberet
2646 3036 2884 3131 ipsum

550 3156 822 3231 intrare
873 3158 963 3231 ad
1016 3179 1374 3252 sororem,
1413 3159 1818 3233 Mercurius
1852 3159 2213 3233 convertit
2248 3178 2415 3232 eam
2470 3157 2543 3229 in
2594 3176 2880 3229 saxum.

549 3276 636 3349 Et
686 3284 857 3351 nota
910 3277 1108 3371 quod
1158 3278 1295 3351 sub
1345 3278 1480 3353 ista
1542 3279 1786 3352 fabula
1846 3278 2262 3353 continetur
2322 3276 2620 3350 historia
2686 3295 2885 3350 vera.

552 3397 734 3471 Nam
771 3398 1177 3472 Mercurius
1221 3398 1515 3472 realiter
1565 3398 1700 3470 fuit
1742 3400 1965 3473 homo
2007 3399 2079 3471 in
2121 3398 2425 3491 Graecia,
2462 3418 2685 3492 nepos
2731 3417 2891 3469 ma-

551 3517 674 3612 gni
741 3517 1137 3612 philosophi
1203 3517 1636 3614 Trimegisti,
1690 3518 1816 3611 qui
1869 3518 2238 3591 adamavit
2300 3516 2606 3592 Hersem
2667 3516 2887 3590 filiam

555 3635 746 3731 regis
797 3637 1278 3731 Athenarum,
1334 3645 1408 3712 et
1457 3637 1789 3732 corrupit
1838 3638 2029 3710 illius
2078 3657 2412 3712 sororem
2451 3638 2889 3730 eloquentia,

552 3757 841 3849 astutia,
894 3764 967 3832 et
1019 3758 1325 3851 pecunia
1379 3779 1667 3854 magna.
1722 3758 1864 3832 Sed
1899 3758 2258 3853 Aglauros
2293 3778 2385 3831 ex
2424 3756 2684 3830 invidia
2724 3777 2893 3828 mu-

554 3874 732 3947 tavit
766 3876 1214 3970 propositum
1267 3884 1341 3951 et
1393 3879 1622 3951 voluit
1656 3877 1983 3972 praeferri
2021 3878 2255 3951 sorori
2289 3876 2363 3950 in
2399 3897 2695 3970 amore;
2733 3876 2894 3950 ideo

556 4000 789 4087 poetae
839 3995 1029 4069 bene
1081 3996 1453 4070 finxerunt
1506 3999 1704 4091 quod
1757 4004 2041 4072 mutata
2092 4004 2203 4071 est
2254 3997 2325 4069 in
2376 4017 2663 4070 saxum.
2710 3997 2893 4070 Nam

553 4111 820 4187 invidia
875 4121 1073 4189 recte
1123 4115 1421 4189 indurat
1483 4126 1558 4192 et
1621 4117 1983 4214 insrigidat
2044 4137 2173 4192 cor
2234 4114 2548 4189 hominis
2606 4115 2901 4210 privans

555 4231 795 4326 ipsum
848 4255 1108 4309 amore
1158 4243 1233 4310 et
1292 4237 1539 4312 calore
1600 4238 1944 4331 caritatiS,
1998 4235 2293 4331 quando
2359 4236 2611 4331 implet
2661 4236 2898 4332 ipsum

555 4352 722 4428 odio
774 4361 1029 4429 contra
1084 4356 1386 4431 fratrem
1440 4363 1514 4433 et
1565 4379 1924 4450 sororem,
1977 4358 2162 4432 sicut
2198 4357 2272 4431 in
2310 4358 2648 4454 praesenti
2700 4379 2899 4433 casu.

677 4537 735 4598 (¹)
769 4543 859 4589 11⁷
889 4554 921 4590 e
953 4541 1015 4591 B.
1047 4554 1188 4604 em;
1224 4544 1312 4593 sed
1345 4543 1496 4594 litera
1529 4558 1634 4595 non
1667 4546 1862 4608 patitur
1896 4544 2055 4597 talem
2086 4546 2555 4610 expositionem.—
2581 4548 2741 4598 conto.

677 4613 735 4677 (¹)
767 4616 830 4667 Β.
862 4615 953 4668 illc
986 4619 1239 4670 wamiam
1270 4625 1553 4671 recantet.
