3704 5559
827 490 920 556 62
1556 498 1964 554 COMENTUM
2017 499 2454 555 Puncta-ona

824 648 1266 744 generaliter
1317 652 1427 720 est
1477 644 1809 738 imbelliS,
1864 644 2022 718 vilis
2089 651 2162 719 et
2226 643 2487 737 tristis3
2544 641 2761 735 unde,
2825 648 2908 715 ut
2965 642 3183 715 omit-

827 775 977 842 tam
1042 767 1451 842 testimonia
1511 766 1755 840 Sacrae
1790 766 2235 860 Scripturas,
2288 763 2657 837 luvenalis
2727 770 2940 858 poeta
3010 764 3176 837 irri-

830 888 954 961 det
982 883 1055 979 (¹)
1118 909 1327 963 sacra
1390 887 1905 982 aegyptiorum,
1958 886 2082 979 qui
2136 886 2387 958 colunt
2451 904 2584 977 pro
2646 883 2780 956 diis
2837 905 3055 959 canes
3108 891 3185 959 et

830 1016 1227 1103 serpentes.
1281 1008 1641 1082 Adrianus
1702 1006 1923 1081 etiam
1976 1006 2374 1100 imperator
2427 1024 2804 1097 romanuS‚
2869 1026 3184 1101 magnus

830 1136 1071 1224 poeta,
1113 1135 1187 1202 et
1230 1128 1342 1201 vir
1384 1133 1586 1201 certe
1621 1146 1907 1220 magnae
1949 1124 2441 1220 intelligentiae
2480 1130 2556 1197 et
2590 1122 3019 1218 prudentiae,
3056 1123 3182 1217 qui

836 1248 997 1343 plus
1058 1246 1597 1342 perambulavit
1647 1245 2056 1340 provincias
2111 1245 2477 1336 romanas,
2531 1264 2758 1337 quam
2825 1263 3180 1336 umquam

835 1367 1024 1442 alius
1076 1366 1433 1461 princepS‚
1496 1366 1902 1439 detestatur
1963 1363 2173 1439 valde
2235 1383 2481 1436 mores
2548 1362 3036 1458 aegyptiorum
3109 1362 3185 1435 in

839 1487 1140 1581 epistola
1193 1485 1513 1579 quadam
1567 1505 1792 1578 quam
1847 1483 2094 1557 scribit
2143 1482 2237 1556 ad
2299 1481 2648 1574 amicum,
2699 1481 2887 1554 sicut
2941 1480 3186 1555 scribit

835 1607 1067 1680 AElius
1137 1604 1546 1699 spartianus
1616 1605 1688 1676 in
1758 1604 1908 1677 vita
1968 1603 2167 1695 eius;
2231 1609 2306 1675 et
2374 1607 2458 1673 ut
2519 1600 2950 1675 concludam
3012 1622 3183 1675 cum

836 1726 1069 1799 Tullio
1145 1726 1218 1797 in
1294 1745 1431 1798 suo
1499 1725 1912 1798 Tusculano
1981 1723 2168 1795 libro
2228 1721 2287 1793 V
2349 1720 2885 1815 aegyptiorum:
2956 1740 3188 1793 mores

836 1849 989 1937 quis
1035 1849 1376 1936 iquorac?
1427 1865 1724 1936 quorum
1774 1845 2046 1915 imbutae
2097 1848 2349 1914 mentes
2380 1841 2761 1933 pravitatis
2802 1839 3218 1911 erroribus?

839 1965 1197 2059 AEgyptus
1249 1985 1431 2060 ergo
1484 1963 2013 2037 maleficiorum
2072 1971 2331 2053 mater,
2386 1958 2512 2053 qui
2567 1979 2713 2032 non
2772 1958 3011 2031 solum
3067 1978 3185 2032 re-

840 2083 1183 2157 stiterunt
1210 2076 1284 2176 (²)
1321 2084 1567 2179 Moysi,
1603 2082 1729 2156 sed
1763 2102 1937 2155 cum
1974 2101 2063 2155 eo
2101 2080 2321 2176 signis
2358 2085 2431 2152 et
2468 2077 2840 2152 miraculis
2883 2084 3186 2152 conten-

841 2204 1112 2278 derunt
1142 2195 1243 2297 (³),
1280 2204 1405 2297 qui
1450 2203 1713 2275 missus
1764 2223 1807 2275 a
1861 2202 2015 2275 Deo
2066 2201 2234 2275 fecit
2270 2207 2375 2273 tot
2417 2199 2774 2272 miracula
2808 2204 3085 2292 aperta,
3121 2203 3194 2272 et

844 2325 980 2397 suit
1033 2345 1345 2419 magnus
1395 2323 1833 2417 astrologuS‚
1878 2329 1964 2394 ut
2013 2320 2346 2415 perhibet
2380 2322 2642 2393 Petrus
2684 2320 3065 2392 Comestor
3116 2318 3189 2392 in

848 2443 1160 2517 Historia
1230 2442 1736 2517 ecclesiastica.
1817 2441 2143 2515 Justinus
2211 2448 2459 2513 tamen
2535 2437 2907 2512 breviator
2976 2423 3192 2533 Trogi

848 2563 1192 2657 Pompeii,
1246 2563 1418 2636 satis
1471 2583 1693 2637 verus
1757 2562 2065 2654 scriptor
2130 2581 2383 2634 rerum
2455 2558 2862 2653 gentilium,
2929 2557 3194 2632 iniuste

843 2684 1196 2758 admiscet
1246 2703 1425 2757 vera
1476 2682 1669 2755 salsis
1721 2682 1794 2753 in
1846 2683 2007 2754 hoc.
2075 2681 2334 2754 Scribit
2399 2679 2593 2753 enim
2659 2679 2845 2752 libro
2899 2678 3190 2751 XXXVI

846 2806 1036 2881 inter
1085 2806 1273 2880 alia:
1326 2826 1499 2879 cum
1555 2804 1875 2876 multum
1929 2803 2294 2876 laudasset
2345 2802 2607 2894 Joseph
2661 2800 2858 2894 quod
2913 2800 3196 2895 Moy-ses

845 2924 1037 2998 filius
1106 2925 1263 2999 eius
1337 2924 1489 2997 dux
1558 2923 1695 2996 suit
1772 2923 2243 2996 hebraeorum
2317 2922 2446 3016 qui
2513 2928 2685 2995 sunt
2753 2920 3039 3015 expulsi
3105 2918 3197 2992 de

846 3045 1158 3140 AEgypto
1209 3065 1382 3118 cum
1435 3044 1757 3117 scabiem
1810 3048 1883 3116 et
1935 3044 2217 3137 lepram
2269 3048 2724 3138 paterentur,
2776 3047 2851 3115 et
2901 3038 3198 3114 abstulit

850 3162 1048 3236 furto
1114 3183 1322 3237 sacra
1387 3163 1902 3257 aegyptiorum,
1954 3169 2027 3235 et
2087 3162 2374 3257 aegyptii
2437 3160 2799 3257 persecuti
2860 3160 3017 3233 illos
3080 3178 3201 3232 re-

851 3281 1036 3376 pulsi
1073 3281 1622 3374 tempestatibus
1658 3281 1962 3353 domum
2003 3281 2418 3375 redierunt3
2449 3280 2647 3374 quod
2673 3280 2949 3354 dictum
2986 3278 3198 3352 dam-

854 3407 982 3473 nat
1030 3401 1480 3496 Augustinus
1532 3406 1604 3474 et
1654 3400 1952 3474 Orosius
2004 3401 2327 3475 scribens
2379 3402 2534 3474 sibi.
2589 3400 2796 3475 Unde
2845 3399 3202 3493 Josepbus

854 3521 1242 3594 historicus
1293 3521 1634 3595 bebraeus
1686 3521 1901 3595 tertio
1953 3521 2140 3595 libro
2190 3521 2725 3615 Antiquitatum
2775 3519 2967 3613 dicit,
3005 3518 3203 3613 quod

858 3640 1163 3734 quilibet
1215 3641 1540 3716 irridebit
1603 3662 1730 3716 eos
1796 3642 1922 3735 qui
1999 3642 2248 3716 dicunt
2297 3643 2620 3737 Moysem
2680 3641 2881 3735 lepra
2939 3640 3204 3735 fatiga·-

858 3767 1022 3833 tum
1075 3761 1351 3835 sactum
1405 3761 1627 3835 fuisse
1676 3761 1944 3835 ducem
1980 3763 2461 3856 expulsorum
2497 3761 2758 3837 eadem
2809 3760 2902 3835 de
2952 3780 3200 3853 causa,

858 3887 933 3954 et
986 3880 1269 3955 venisse
1318 3880 1392 3953 in
1444 3880 1934 3955 Chananaeam
1988 3901 2162 3954 cum
2216 3881 2341 3956 eis,
2392 3882 2464 3955 Si
2515 3880 2711 3957 enim
2767 3882 2906 3954 boc
2955 3879 3208 3954 fuisset

859 4019 1150 4092 verum,
1205 4020 1676 4093 nequaquam
1728 4002 2010 4096 Moyses
2058 4001 2452 4094 expulisset
2485 4001 2808 4094 leprosos
2859 4021 2903 4073 a
2954 3999 3209 4072 castris

859 4121 1035 4213 suiS,
1090 4120 1218 4212 qui
1275 4126 1523 4195 tamen
1575 4120 1768 4216 apud
1815 4122 2085 4195 multas
2119 4128 2373 4215 gentes
2417 4126 2800 4194 morantur
2853 4127 2929 4195 et
2977 4123 3212 4194 hono—

867 4247 1145 4312 rantur.
1200 4239 1775 4314 Commendatur
1826 4246 1903 4314 et
1952 4241 2213 4314 ultimo
2261 4241 2616 4336 AEgyptus
2666 4260 2711 4313 a
2757 4261 3028 4337 magna
3081 4261 3214 4335 po—

864 4363 1150 4451 testate,
1201 4359 1376 4451 quia
1424 4360 1599 4433 olim
1653 4359 1905 4432 babuit
1956 4360 2374 4434 Pharaones
2413 4366 2774 4456 potenteS,
2811 4366 2884 4434 et
2919 4360 3214 4434 Ptbolo-

993 4622 1047 4683 (¹)
1079 4620 1130 4671 S.
1161 4621 1347 4672 irridet
1377 4624 1643 4687 aegyptios.
1895 4624 1949 4686 (¹)
1982 4624 2042 4675 E.
2078 4625 2343 4675 restiterit.
2593 4625 2649 4689 (⁸)
2681 4625 2743 4676 Ε.
2779 4624 3120 4675 contenderit.
