3704 5559
1202 507 1478 562 CAN'rus
1527 510 1841 563 Dncfflus
1892 510 2215 564 TERTIUS·
2732 496 2875 562 357

533 653 917 728 mortalius
979 652 1254 727 homini
1307 653 1652 727 muliere:
1725 653 1796 726 in
1854 653 1998 729 fine
2060 656 2583 730 commendans
2645 656 2879 729 Pene-

531 775 773 868 lopem
840 793 1159 846 uxorem
1229 773 1500 868 Ulyxis,
1570 773 1767 866 quod
1829 781 2022 849 esset
2092 776 2358 850 mulier
2427 775 2745 869 prudens
2807 783 2882 849 et

535 897 832 992 pudica,
887 902 962 969 et
1012 895 1219 969 dicit:
1273 902 1339 967 et
1385 916 1564 967 anco
1612 917 1755 968 non
1804 900 1862 968 ε’
1890 901 2139 988 affisse,
2194 897 2363 991 quia
2406 895 2881 972 transvolavit

537 1016 724 1091 sicut
761 1016 1017 1111 prima.
1048 1040 1147 1069 -—
1180 1020 1260 1089 Ο.
1297 1015 1427 1089 Hic
1461 1022 1676 1111 poeta
1709 1016 2050 1089 describit
2088 1016 2376 1090 tertiam
2414 1036 2668 1090 vocem
2715 1035 2881 1109 spe-

539 1135 799 1208 cialem
849 1135 943 1209 ad
976 1135 1194 1227 idem,
1231 1155 1399 1229 quae
1442 1135 1688 1208 sonuit
1722 1135 1876 1228 ipso
1918 1142 2212 1229 petente
2244 1136 2336 1210 de
2379 1136 2681 1209 vocibus
2724 1134 2878 1207 illis.

541 1255 745 1328 Unde
793 1254 1005 1328 dicit:
1059 1256 1223 1326 diss’
1249 1257 1346 1344 io,
1398 1254 1494 1326 illi
1545 1253 1883 1349 Virgilio:
1946 1259 2007 1328 Ο
2042 1258 2304 1346 padre,
2371 1257 2490 1327 che
2541 1258 2692 1327 voci
2749 1274 2883 1325 son

541 1379 825 1466 queste?
884 1383 958 1449 et
1007 1373 1180 1466 quid
1233 1373 1364 1447 sibi
1431 1374 1744 1446 volunt?
1802 1395 1839 1444 e
1901 1377 2075 1446 com'
2101 1377 2170 1445 io
2235 1377 2625 1466 dimandai,
2678 1380 2887 1447 ante-

544 1514 767 1587 quam
823 1492 1163 1589 Virgilius
1217 1493 1710 1587 responderet,
1756 1514 1914 1566 ecco
1978 1497 2050 1566 la
2114 1502 2339 1584 terza,
2392 1494 2660 1567 scilicet
2712 1513 2884 1587 vox,

545 1634 714 1706 quae
763 1614 939 1686 fuit:
978 1622 1208 1687 amate
1239 1617 1338 1687 da
1371 1616 1480 1686 cm·
1529 1616 1710 1685 male
1755 1621 2003 1686 aveste.
2047 1614 2198 1686 Hoc
2239 1620 2686 1706 praeceptum
2737 1613 2884 1686 Do-

549 1735 722 1808 mini
771 1735 845 1807 in
896 1734 1291 1829 Evangelio
1342 1733 1594 1808 invitat
1659 1753 1792 1808 nos
1856 1734 1948 1807 ad
2013 1754 2274 1807 verum
2336 1753 2694 1826 amorem,
2757 1732 2886 1826 qui

546 1862 657 1930 est
704 1854 1006 1951 diligere
1054 1854 1275 1929 etiam
1331 1852 1748 1946 inimicum3
1802 1852 2000 1947 quod
2053 1858 2162 1925 est
2196 1852 2645 1925 contrarium
2702 1852 2888 1927 invi-

547 1978 708 2069 diae,
761 1996 929 2070 quae
980 1974 1131 2048 odit
1180 1974 1401 2048 etiam
1454 1973 1801 2047 amicum.
1839 1974 1928 2046 Et
1962 1972 2077 2047 hic
2134 1979 2303 2046 nota
2339 1973 2534 2065 quod
2571 1974 2704 2046 ista
2740 1993 2884 2046 vox

551 2098 765 2171 tertia
815 2095 1227 2171 necessario
1279 2095 1613 2188 sequitur
1663 2093 1755 2166 ad
1809 2093 2231 2187 secundam,
2268 2092 2441 2186 quia
2476 2093 2670 2167 illam
2715 2114 2891 2188 sup-

549 2219 696 2313 plet
746 2223 819 2292 et
867 2216 1166 2311 perficit.
1220 2214 1523 2289 Videtur
1575 2213 1771 2288 enim
1831 2213 2075 2287 dicere
2136 2213 2395 2287 tacite:
2451 2234 2596 2287 non
2649 2214 2886 2287 solum

549 2338 824 2413 debetis
856 2356 1114 2411 amare
1148 2335 1716 2427 benefactorem,
1745 2333 1865 2407 cui
1892 2333 2170 2408 debetis
2204 2353 2536 2407 amorem
2573 2334 2665 2407 de
2690 2335 2890 2428 jure,

549 2460 733 2534 sicut
784 2458 1098 2550 OresteS,
1152 2454 1279 2549 qui
1328 2454 1604 2528 amavit
1653 2460 1963 2549 patrem,
2003 2474 2342 2549 uxorem,
2384 2454 2731 2546 amicum,
2769 2473 2890 2526 so-

552 2599 840 2672 rorem3
899 2577 1026 2651 sed
1079 2576 1300 2651 etiam
1355 2574 1734 2647 inimicum
1796 2573 2377 2648 malefacientem
2431 2574 2657 2665 vobiS,
2714 2574 2888 2666 quia

550 2703 705 2775 haec
756 2706 867 2774 est
916 2697 1237 2794 perfecta
1288 2694 1570 2769 caritas,
1627 2694 1898 2769 Amare
1958 2694 2152 2767 enim
2211 2700 2582 2767 amantem
2636 2699 2710 2767 et
2759 2693 2893 2767 be·-

552 2820 1031 2896 nefacientem
1083 2817 1356 2893 faciunt
1405 2815 1623 2891 etiam
1677 2814 1917 2888 bruta.
1947 2855 2046 2867 —
2071 2821 2137 2887 E
2164 2817 2215 2886 ’l
2261 2816 2460 2886 buon.
2509 2813 2639 2887 Hic
2677 2821 2891 2909 poeta

556 2939 756 3035 ponit
806 2937 1350 3032 responsionem
1404 2933 1675 3030 Virgilii
1728 2933 1824 3007 ad
1875 2955 2084 3007 suam
2124 2933 2567 3029 petitionem,
2604 2933 2730 3025 qui
2764 2933 2895 3009 de-

556 3060 785 3134 clarat
843 3077 1077 3152 quare
1124 3056 1281 3129 istae
1333 3074 1550 3130 voces
1611 3054 1710 3128 ita
1779 3059 2123 3127 resonent
2185 3072 2410 3147 super
2473 3052 2645 3125 istos
2714 3052 2900 3126 invi-

554 3181 686 3255 dos
733 3179 827 3254 ad
875 3176 1443 3253 admonitionem
1498 3194 1787 3248 eorum.
1840 3173 2046 3247 Unde
2080 3173 2284 3247 dicit:
2322 3175 2458 3245 E’l
2487 3175 2669 3245 buon
2703 3194 2901 3247 mae-

554 3309 704 3375 slro
752 3321 801 3372 a
849 3319 984 3391 me,
1034 3297 1311 3392 supple,
1365 3293 1771 3390 respondit:
1835 3298 1908 3367 la
1958 3297 2160 3387 colpa
2182 3283 2185 3284 ᾗ
2209 3297 2394 3366 della
2442 3296 2709 3367 invidia
2758 3286 2904 3366 cosi

557 3425 607 3496 li
652 3425 920 3517 sserza,
970 3418 1175 3512 idest,
1211 3416 1311 3490 ita
1346 3414 1693 3490 verberat
1726 3421 1800 3488 et
1834 3415 2135 3511 corrigit
2175 3415 2367 3509 ipsos
2418 3414 2697 3488 invidos
2746 3413 2900 3507 hic;

559 3541 721 3616 ideo
769 3540 985 3614 dicit:
1039 3560 1077 3612 e
1116 3528 1297 3629 perd
1357 3538 1419 3608 le
1466 3538 1680 3608 corde
1743 3538 1930 3608 della
1988 3540 2219 3629 serza,
2266 3535 2471 3628 idest,
2542 3534 2902 3631 corrigiae,

533 3660 875 3753 „scuticae,
926 3658 1223 3749 scilicet,
1257 3656 1485 3730 verba
1538 3655 1734 3729 vocis
1787 3662 1862 3729 et
1912 3654 2381 3728 correctionis
2422 3653 2902 3747 percutientia

561 3800 709 3873 eor„
760 3798 935 3851 sono
986 3782 1191 3850 tracte
1239 3777 1308 3848 α’
1337 3795 1569 3865 amor,
1611 3773 1909 3864 scilicet,
1952 3773 2289 3847 caritatis,
2339 3771 2512 3844 Vult
2562 3793 2741 3868 ergo
2793 3772 2904 3846 di-

560 3916 753 3991 cere,
823 3895 1020 3989 quod
1086 3894 1221 3969 isla
1289 3893 1516 3969 verba
1575 3899 1747 3966 sunt
1814 3892 2302 3967 dissuadentia
2369 3890 2758 3985 invidiam3
2829 3899 2905 3966 et

561 4016 847 4092 subdit:
908 4018 978 4089 lo
1021 4017 1187 4109 sren
1254 4017 1420 4087 vuol
1473 4034 1660 4086 esser
1726 4016 1840 4085 del
1899 4014 2260 4084 contrario
2319 4030 2562 4084 εαοηο.
2627 4011 2797 4084 Vult
2829 4005 2901 4104 (¹)

561 4136 806 4212 dicere
830 4134 1026 4230 quod
1054 4135 1282 4210 verba
1310 4132 1773 4208 refraenantia
1808 4132 2155 4226 invidiam
2183 4131 2450 4206 debent
2485 4150 2645 4205 esse
2679 4115 2907 4206 verba

563 4255 1006 4334 continentia
1063 4275 1330 4351 pravos
1387 4252 1693 4329 effectus
1745 4251 2058 4345 invidiae,
2109 4252 2207 4327 ita
2260 4251 2459 4347 quod
2509 4259 2680 4326 sunt
2727 4273 2908 4327 con-

563 4376 788 4455 traria
838 4375 1014 4470 istie,
1063 4395 1233 4469 quae
1283 4372 1655 4447 continent
1706 4371 2012 4447 effectus
2062 4372 2375 4465 amoris;
2425 4378 2500 4447 et
2526 4362 2600 4463 (¹)
2656 4377 2908 4446 tamen

687 4643 742 4705 (¹)
774 4647 883 4702 11⁷,
918 4642 1048 4693 Vult
1075 4655 1204 4706 ergo
1235 4642 1426 4693 dicere.
1803 4643 1859 4706 (⁸)
1890 4643 1951 4693 E.
1985 4643 2057 4693 ita
2090 4647 2261 4692 tamen
2294 4640 2434 4704 quod
2466 4640 2577 4688 haec
2609 4644 2660 4688 et
2690 4638 2799 4689 illa.
