3704 5559
1370 528 1643 584 eANTUs
1693 528 1980 583 SEXTUS,
2490 513 2493 514 ’
2710 518 2845 583 187

502 674 599 750 ab
650 673 991 748 omnibus
1027 671 1375 766 pecunias
1408 674 1711 768 accepit,
1747 679 1822 746 et
1863 671 2197 746 omnium
2234 672 2625 766 libertates»,
2664 693 2848 766 quas

503 793 758 889 potuit,
838 791 1199 866 vendidit:
1276 792 1475 865 vivat
1561 813 1740 888 ergo
1819 791 2112 866 infamia
2173 813 2464 888 semper
2539 793 2718 867 eius.
2749 831 2848 844 —

503 918 568 986 E
610 935 685 986 se
734 915 915 985 licito
968 907 1141 985 m'e'.
1195 912 1405 985 Nunc
1456 922 1668 1006 poeta
1721 912 1951 985 iratus
2001 917 2074 987 et
2124 913 2465 986 turbatus
2517 933 2606 987 ex
2659 932 2847 1006 prae-

499 1032 725 1126 dictis,
780 1051 947 1126 quae
998 1031 1337 1105 videntur
1389 1032 1812 1128 contingere
1862 1032 2019 1106 sine
2072 1032 2221 1106 ullo
2271 1032 2529 1107 ordine
2580 1032 2844 1106 divinae

500 1150 992 1247 providentiae,
1046 1172 1213 1244 quae
1276 1171 1422 1224 non
1482 1151 1769 1225 videtur
1829 1173 2100 1226 curare
2149 1154 2481 1248 jacturas
2541 1152 2844 1227 naufra-

499 1272 736 1367 gantis
786 1270 1028 1364 Italiae,
1083 1270 1448 1346 exclamat
1495 1271 1588 1345 ad
1621 1272 1883 1365 Deum,
1919 1271 2208 1345 dicens:
2246 1277 2313 1344 E
2343 1294 2417 1344 se
2451 1275 2632 1346 licito
2672 1268 2840 1362 m'e',

500 1392 775 1487 supple,
812 1391 1077 1486 dicere,
1127 1398 1202 1466 et
1252 1391 1419 1466 facit
1454 1391 1805 1485 colorem,
1842 1391 1970 1485 qui
2003 1390 2267 1464 dicitur
2318 1391 2630 1485 licentia,
2666 1390 2837 1486 quia

500 1500 647 1585 non
715 1511 926 1587 licet:
995 1533 1039 1585 o
1105 1532 1373 1585 sommo
1448 1513 1683 1602 Giove,
1748 1511 1951 1604 idest,
2025 1511 2485 1605 omnipotens
2562 1517 2841 1585 aeterne

499 1632 736 1707 Deus:
790 1638 865 1705 et
915 1631 1238 1725 loquitur
1292 1630 1596 1725 poetice,
1652 1650 1821 1703 nam
1890 1638 2125 1724 poetae
2184 1630 2491 1726 gentiles
2545 1631 2841 1725 capiunt

495 1750 752 1826 Jovem
804 1770 938 1845 pro
988 1770 1285 1824 summo
1334 1751 1534 1843 De03
1588 1751 1706 1821 che
1748 1752 1919 1843 fosci
1960 1752 2037 1822 in
2080 1756 2276 1822 terra
2318 1772 2454 1841 per
2502 1754 2624 1823 noi
2672 1771 2837 1823 cru-

495 1873 747 1963 cifisso,
799 1877 873 1944 et
923 1868 1086 1943 ideo
1138 1890 1286 1942 non
1337 1869 1645 1943 deberes
1696 1869 1794 1943 ita
1844 1876 2186 1944 avertere
2253 1870 2506 1944 oculos
2568 1876 2734 1944 tuos
2794 1891 2839 1945 a

496 1992 722 2067 nobis.
776 1990 981 2064 Unde
1032 1990 1249 2084 petit:
1302 2011 1432 2062 son
1484 1993 1534 2062 li
1579 1992 1789 2079 musti
1829 1993 2022 2062 occki
2073 1994 2215 2064 tuoi
2268 1993 2506 2064 rivolti
2545 1993 2838 2080 altrove,

497 2132 719 2206 quam
773 2110 865 2185 ad
899 2109 1231 2183 Italiam?
1268 2108 1474 2201 quasi
1509 2109 1738 2183 dicat:
1789 2129 1885 2182 an
1922 2108 2186 2183 videris
2223 2110 2623 2185 removisse
2657 2128 2841 2182 ocu-

496 2231 605 2305 los
632 2237 782 2304 tuae
808 2229 1090 2325 pietatis
1116 2229 1211 2303 ab
1246 2229 1469 2321 Italia,
1507 2236 1581 2301 et
1616 2228 1976 2325 benignus
2011 2229 2376 2322 respicere
2409 2228 2626 2302 aliam
2665 2248 2836 2322 par-

494 2355 699 2428 tem?
746 2351 858 2423 An
908 2359 1018 2426 est
1069 2370 1357 2442 verum,
1412 2348 1610 2442 quod
1673 2354 1752 2423 tu
1820 2348 1993 2421 sacis
2043 2349 2182 2422 hoc
2234 2348 2307 2420 in
2367 2353 2498 2421 tuo
2548 2352 2835 2421 secreto

495 2472 815 2565 consilio,
852 2471 1027 2565 quia
1076 2470 1366 2563 scilicet,
1403 2468 1762 2563 permittis
1795 2469 2039 2562 aliqua
2078 2468 2272 2542 mala
2307 2467 2489 2562 fieri,
2529 2477 2610 2546 ut
2669 2466 2836 2540 inde

493 2592 736 2667 elicias
784 2591 1103 2684 aliquem
1156 2590 1436 2663 honum
1472 2589 1815 2663 effectum
1852 2588 2227 2662 occultum
2271 2593 2344 2661 et
2378 2586 2826 2682 incognitum

490 2713 757 2788 nobis?
805 2710 1010 2786 Unde
1060 2709 1273 2784 dicit:
1341 2730 1385 2782 o
1444 2705 1518 2783 e‘e
1561 2712 2074 2802 preparazion,
2127 2707 2330 2801 idest,
2383 2705 2828 2802 praeordina-

489 2834 613 2928 tio,
656 2835 776 2905 che
821 2835 932 2925 sai
978 2834 1135 2904 nell’
1161 2832 1417 2921 abisso,
1455 2831 1660 2923 idest,
1700 2830 1771 2901 in
1806 2828 2320 2923 profunditate,
2358 2827 2530 2921 quia
2555 2825 2830 2920 judicia

492 2953 622 3028 Dei
673 2953 982 3047 abyssus
1034 2951 1289 3043 multa,
1349 2952 1465 3022 del
1516 2956 1632 3022 tuo
1682 2951 2044 3039 consiyliO,
2104 2947 2309 3041 idest,
2358 2942 2829 3041 providentiae

486 3080 655 3147 tuae.
708 3072 795 3145 Et
845 3091 1019 3146 ecce
1071 3091 1349 3164 quare:
1397 3091 1529 3162 per
1564 3071 1770 3141 alcun
1810 3068 1975 3140 bene
2015 3070 2090 3138 in
2134 3073 2301 3140 tutto
2348 3068 2589 3155 scisse,
2624 3062 2826 3155 idest,

487 3191 801 3289 totaliter
850 3189 1164 3264 divisum
1200 3196 1275 3263 et
1309 3188 1656 3282 alienum,
1693 3191 1792 3261 da
1824 3191 1869 3260 l’
1890 3208 2231 3277 accorqer
2262 3192 2530 3273 nosne,
2568 3182 2750 3257 idest
2783 3202 2826 3256 a

486 3311 899 3410 cognitione
949 3316 1221 3403 nostra,
1260 3309 1432 3403 quia
1483 3308 1743 3382 oculus
1779 3313 2027 3381 noster
2069 3305 2404 3380 infirmus
2444 3325 2592 3379 non
2632 3303 2826 3377 valet

487 3452 815 3509 cernere.
869 3430 1026 3505 Alia
1077 3435 1328 3503 tamen
1378 3428 1587 3501 litera
1637 3426 1906 3501 habet:
1951 3429 2024 3499 in
2069 3431 2233 3499 tulto
2266 3446 2399 3518 per
2447 3443 2828 3513 correyyer

485 3560 728 3627 nostro
775 3555 1018 3643 scissa,
1068 3549 1273 3643 idest,
1314 3555 1395 3622 ut
1447 3547 1745 3621 omnino
1780 3547 2108 3641 corrigas
2157 3553 2482 3619 nostram
2535 3543 2830 3618 divisio-

489 3698 695 3773 nem3
748 3676 875 3752 sed
927 3675 1164 3771 prima
1214 3675 1427 3748 litera
1467 3679 1579 3747 est
1620 3671 1879 3746 melior
1915 3678 1989 3744 et
2025 3670 2257 3767 magis
2290 3668 2383 3743 de
2425 3667 2827 3742 intentione

485 3802 742 3897 poetae.
796 3797 885 3871 Et
933 3796 1254 3892 assignat
1304 3798 1517 3889 poeta
1570 3810 1870 3866 causam
1924 3787 2471 3863 exclamationis
2511 3786 2718 3860 factae
2753 3787 2829 3861 in

487 3915 750 4010 Deum,
801 3936 896 3991 ne
945 3915 1282 3991 videatur
1333 3912 1546 3986 nimis
1601 3909 2072 4000 temerarius3
2112 3905 2306 3980 unde
2338 3905 2545 3978 dicit:
2596 3908 2716 3978 0}oe
2766 3908 2829 3978 le

485 4025 646 4109 aad
710 4026 1037 4127 d'I'talia,
1098 4055 1246 4109 non
1315 4033 1628 4107 aliarum
1695 4027 2239 4124 provinciarum
2310 4022 2828 4119 communiter,

482 4176 612 4229 son
674 4163 836 4230 tutte
877 4160 1079 4250 piene
1128 4158 1203 4229 di
1265 4155 1555 4243 tiranni,
1624 4151 1773 4223 imo
1834 4147 2055 4224 etiam
2119 4143 2566 4242 tyrannuli33
2632 4142 2831 4218 unde

483 4275 677 4370 dicit,
711 4283 787 4352 et
837 4276 1035 4372 quod
1068 4277 1304 4350 multo
1346 4272 1553 4369 peius
1588 4277 1721 4363 est,
1757 4276 1824 4343 et
1868 4288 1965 4341 un
2015 4269 2288 4341 Marcel
2333 4268 2610 4339 diventa
2660 4268 2832 4357 oyni

482 4398 697 4471 villan
730 4398 850 4470 che
875 4398 1394 4490 parteqyiando
1431 4396 1642 4466 viene.
1686 4389 1814 4464 Hic
1858 4393 2053 4480 nota,
2089 4388 2343 4481 lector,
2378 4383 2576 4479 quod
2612 4391 2825 4480 poeta

485 4536 627 4593 non
680 4515 1007 4610 loquitur
1056 4515 1174 4590 hic
1236 4514 1329 4589 de
1386 4513 1510 4586 illo
1568 4509 1908 4584 Marcello
1975 4506 2460 4582 famosissimo
2523 4504 2825 4596 victore,

486 4635 616 4733 qui
663 4635 864 4711 circa
911 4635 1133 4710 finem
1185 4632 1399 4729 primi
1449 4631 1619 4706 belli
1668 4628 1912 4724 punici
1958 4628 2217 4702 occidit
2259 4645 2487 4701 manu
2528 4644 2663 4698 sua
2704 4622 2826 4696 Vi-
