3704 5559
888 486 1029 551 468
1602 500 2014 555 COMENTUM
2064 500 2501 555 PURGA'roRn

883 647 1270 740 plusquam
1322 645 1606 739 debeat,
1661 647 1776 719 vel
1828 646 2148 720 amando
2198 666 2575 719 summum
2637 646 2919 719 bonum
2982 640 3259 720 minus‘

883 787 1107 859 quam
1159 765 1460 859 debeat3
1518 765 1711 841 unde
1762 766 1970 840 dicit:
2022 787 2066 839 o
2109 788 2244 858 per
2294 773 2545 858 troppo
2594 769 2671 838 di
2716 769 2982 857 viqore,
3033 767 3243 841 scili-

879 894 1017 981 cet,
1087 886 1300 960 nimis
1369 886 1775 981 appetendo
1838 886 2298 980 temporalia,
2356 907 2400 957 o
2461 906 2594 977 per
2651 907 2862 977 poco,
2930 886 3240 979 scilicet,

878 1010 1075 1084 lente
1126 1008 1439 1082 amando
1492 1007 1754 1099 Deum,
1823 1013 1898 1080 et
1960 1006 2384 1101 protelando
2454 1026 2717 1079 verum
2789 1008 3088 1081 bonum.
3125 1048 3241 1062 —-

879 1133 1166 1201 Mentre.
1197 1128 1325 1200 Hic
1349 1127 1691 1222 Virgilius
1717 1127 2043 1200 declarat
2070 1127 2268 1220 quod
2300 1126 2480 1199 dixit
2504 1125 2892 1200 ostendens
2929 1127 3242 1219 quando

878 1267 1094 1322 amor
1144 1252 1414 1340 peccat,
1452 1252 1525 1320 et
1576 1246 1871 1339 quando
1923 1268 2093 1340 non,
2136 1245 2421 1320 dicens:
2467 1253 2728 1318 mentre
2761 1248 3046 1337 ch’eyli,
3080 1248 3241 1321 sci-

880 1367 1070 1461 licet,
1121 1386 1333 1439 amor
1382 1365 1630 1458 animi,
1685 1363 1724 1439 e*
1771 1368 2020 1439 directo
2084 1368 2199 1438 nel
2249 1369 2483 1458 primo
2546 1366 2699 1456 ben,
2753 1373 2927 1459 puta
2980 1367 3231 1440 Deum

879 1508 1011 1582 per
1064 1487 1391 1580 virtuteS,
1444 1508 1481 1558 e
1528 1508 1603 1558 se
1651 1495 1865 1558 stesso
1917 1489 2214 1576 misum,
2267 1485 2662 1559 resecando
2709 1487 3100 1581 superflua,
3151 1494 3236 1560 et

878 1628 1052 1683 cum
1088 1607 1308 1681 modo
1344 1613 1417 1681 et
1453 1626 1801 1681 mensura
1833 1605 2150 1679 amando
2187 1604 2613 1699 temporalia
2651 1612 3011 1698 quantum
3047 1613 3233 1679 sunt

875 1727 1288 1803 necessaria
1319 1721 1391 1819 (¹)
1448 1728 1794 1801 humanae
1857 1726 2046 1820 vitae,
2112 1728 2224 1798 nei
2281 1726 2587 1815 secondi,
2648 1724 2939 1820 scilicet,
3008 1724 3227 1800 bonis

876 1847 1197 1923 externis
1229 1841 1301 1940 (²)
1357 1848 1693 1942 fortuitiS,
1731 1869 1901 1941 quae
1945 1852 2118 1919 sunt
2166 1847 2357 1919 bona
2409 1845 2840 1920 secundaria
2893 1854 2966 1921 et
3016 1847 3227 1920 ordi-

878 1976 1148 2042 uantur
1196 1968 1290 2042 ad
1340 1968 1785 2062 principalia,
1837 1988 2026 2039 esser
2076 1987 2220 2039 non
2263 1957 2406 2058 pud
2468 1969 2718 2056 σαρίσῃ
2786 1968 2862 2039 di
2910 1971 3058 2039 mal
3097 1970 3215 2039 di-

875 2092 1058 2179 ἰεαο,
1109 2088 1314 2180 idest,
1367 2087 1667 2181 peccati,
1722 2093 1795 2160 et
1847 2108 1994 2160 non
2047 2093 2282 2180 potest
2335 2106 2611 2178 errare,
2651 2087 2822 2180 quia
2858 2088 3028 2161 solae
3061 2087 3221 2160 vir-

876 2213 1070 2281 tutes
1133 2213 1304 2279 sunt
1362 2205 1631 2299 quibus
1696 2226 1841 2278 non
1903 2205 2255 2301 contingit
2322 2207 2516 2279 male
2588 2206 2710 2278 uti.
2773 2207 2861 2279 Et
2921 2206 3223 2300 quando

875 2326 1098 2424 possit
1147 2345 1458 2421 peccare
1509 2326 1820 2399 ostendit
1871 2325 2167 2399 dicens:
2234 2347 2352 2398 ma
2404 2330 2710 2419 quando,
2780 2329 2933 2421 ipse
2999 2348 3222 2401 amor

872 2446 1121 2541 animi,
1172 2449 1236 2518 si
1296 2454 1484 2519 lorce
1532 2449 1611 2519 al
1657 2448 1827 2536 mal,
1880 2445 2170 2538 scilicet,
2224 2445 2317 2519 ad
2369 2446 2649 2519 malum
2713 2448 3027 2542 proximi
3079 2468 3217 2541 per

872 2566 1315 2662 superbiam,
1369 2566 1735 2659 invidiam,
1788 2565 2001 2657 iram,
2044 2565 2242 2658 quod
2294 2571 2543 2639 tamen
2584 2566 2713 2639 sibi
2752 2566 3041 2641 videtur
3074 2567 3214 2640 bo·-

872 2708 1076 2782 num,
1131 2692 1215 2759 ut
1253 2687 1410 2782 jam
1461 2686 1738 2760 dictum
1793 2692 1926 2779 est,
1961 2706 2005 2758 o
2056 2707 2263 2759 corre
2311 2689 2428 2759 nel
2474 2689 2638 2759 bene
2687 2707 2817 2759 con
2864 2683 2986 2781 piei
3035 2710 3213 2761 cura

870 2812 989 2881 che
1036 2828 1179 2880 non
1214 2810 1360 2899 dee,
1396 2805 1686 2901 scilicet,
1725 2806 2019 2899 quando
2053 2813 2163 2881 est
2198 2806 2411 2880 nimis
2445 2807 2767 2881 solicitus
2802 2809 2996 2882 circa
3040 2830 3209 2882 cor—

869 2929 1145 3024 poralia
1178 2920 1250 3021 (³)
1306 2949 1437 3023 per
1487 2927 1895 3022 avaritiam,
1947 2929 2226 3023 gulam,
2277 2928 2676 3022 luxuriam,
2729 2951 2772 3002 o
2822 2951 2956 3002 con
3019 2951 3202 3020 men,

868 3051 1070 3144 idest,
1124 3056 1198 3124 et
1249 3048 1540 3142 quando
1589 3068 1803 3122 amor
1851 3048 2085 3122 currit
2136 3049 2210 3121 in
2261 3068 2640 3122 summum
2696 3051 2972 3123 bonum
3027 3071 3201 3124 cum

871 3171 1134 3244 minori
1168 3168 1617 3243 solicitudine
1655 3190 1882 3261 quam
1923 3168 2186 3243 debeat
2236 3188 2366 3263 per
2419 3169 2810 3264 accidiam3
2841 3177 3033 3263 tunc,
3067 3190 3200 3241 sua

859 3294 1158 3383 samara,
1211 3286 1478 3360 scilicet
1541 3288 1764 3360 homo
1841 3294 2135 3361 creatus
2200 3309 2245 3362 a
2308 3287 2483 3382 Dec,
2550 3292 2829 3363 adovra
2885 3291 3097 3361 comr’
3126 3290 3206 3360 al

859 3413 1145 3502 fauore,
1196 3405 1464 3478 scilicet
1504 3405 1741 3479 Deum
1794 3413 2208 3480 creatorem
2261 3407 2386 3500 qui
2438 3418 2549 3483 est
2580 3409 2940 3482 amandus
2982 3427 3206 3502 super

865 3527 1146 3622 omnia3
1199 3526 1405 3620 quasi
1458 3525 1681 3599 dicat:
1736 3532 1912 3600 tunc
1962 3534 2238 3621 peccat,
2276 3527 2449 3621 quia
2492 3528 2659 3602 facit
2700 3536 2955 3602 contra
2992 3549 3206 3602 man-

863 3649 1030 3723 data
1082 3668 1237 3721 sua.
1292 3647 1379 3719 Et
1428 3645 1814 3739 concludit,
1869 3645 2149 3720 dicens:
2204 3650 2446 3739 quincii
2503 3651 2962 3740 comprender
3005 3651 3201 3740 puoi,

862 3768 1072 3863 quasi
1121 3768 1346 3843 dicat:
1399 3788 1492 3841 ex
1526 3767 1915 3860 praemissis
1952 3773 2158 3862 potes
2199 3767 2408 3842 facile
2441 3768 2808 3863 colligere,
2844 3771 2963 3841 che
2995 3789 3204 3840 amor

860 3892 1183 3964 conviene
1230 3909 1418 3962 esser
1465 3909 1815 3978 semema,
1869 3887 2049 3961 idest
2099 3907 2345 3979 causa,
2397 3890 2473 3959 in
2521 3890 2660 3979 voi,
2722 3888 3012 3980 scilicet,
3066 3889 3202 3961 ho-

861 4010 1201 4105 minibuS,
1252 4013 1321 4083 d’
1348 4011 1515 4100 oym'
1565 4012 1835 4098 virtuoe,
1892 4014 2091 4100 tnnc,
2142 4006 2431 4100 scilicet,
2494 4027 2668 4081 cum
2722 4016 2833 4081 est
2883 4008 3203 4082 directus

856 4130 931 4204 in
983 4129 1234 4225 primis
1286 4129 1492 4202 honis
1527 4134 1600 4202 et
1635 4133 2110 4202 mensuratur
2151 4126 2226 4200 in
2259 4127 2617 4219 secundiS,
2658 4148 2698 4198 e
2746 4131 2814 4200 d'
2836 4131 3005 4217 oym'
3035 4149 3202 4219 ope-

855 4252 1175 4341 razione,
1213 4248 1503 4342 scilicet,
1539 4248 1775 4341 malae,
1812 4249 1931 4318 che
1971 4253 2191 4318 merla
2216 4268 2412 4339 pene.
2453 4247 2539 4319 Et
2588 4246 2692 4319 sic
2742 4246 2968 4320 hahes
3002 4247 3199 4340 quod

857 4387 1070 4443 amor
1121 4374 1232 4441 est
1282 4367 1485 4441 radix
1538 4374 1613 4442 et
1662 4366 1872 4462 origo
1923 4365 2160 4439 omnis
2223 4365 2526 4440 actionis
2588 4373 2737 4439 tam
2802 4365 3199 4440 meritoriae

979 4630 1034 4693 (¹)
1069 4630 1126 4680 E.
1161 4629 1445 4680 necessaria
1477 4629 1601 4680 huic
1633 4630 1767 4680 vitae.
1924 4629 1981 4690 (²)
2013 4629 2075 4680 E.
2106 4628 2348 4680 exterius.
2506 4625 2559 4690 (⁹)
2597 4631 2702 4689 11⁷,
2738 4628 3058 4690 temporalia.
