3704 5559
1194 513 1472 568 CANTus
1523 513 1836 567 nummus
1888 513 2172 566 ramus.
2709 496 2849 564 303

502 661 705 753 idest,
775 658 1083 732 diabolo.
1153 659 1240 730 Et
1308 659 1423 733 hic
1482 664 1653 732 nota
1717 658 1937 752 quod,
2004 664 2084 730 ut
2145 657 2316 731 dicit
2373 656 2850 751 AugustinuS,

503 800 649 852 non
702 799 1005 852 oramus
1056 778 1171 852 hic
1235 786 1319 851 ut
1381 800 1526 852 nou
1587 785 1986 870 tentemur,
2038 777 2164 852 sed
2215 783 2296 850 ut
2350 798 2496 851 non
2548 776 2853 850 induca-

504 921 677 973 mur
736 900 809 972 in
868 899 1393 992 tentationem3
1454 899 1643 972 sicut
1704 898 1762 970 si
1831 897 2116 990 aliquiS,
2188 897 2307 970 cui
2382 916 2680 970 necesse
2744 901 2854 969 est

506 1022 671 1117 igne
723 1020 1152 1112 examinari,
1207 1040 1353 1093 non
1406 1025 1568 1093 orat
1622 1026 1705 1092 ut
1754 1018 1923 1115 igne
1975 1038 2122 1091 non
2172 1018 2543 1111 tangatur,
2594 1016 2716 1090 sed
2775 1021 2857 1088 ut

509 1162 653 1213 non
706 1146 1088 1215 exuratur.
1144 1140 1231 1213 Et
1282 1140 1562 1212 subdit:
1617 1160 1736 1210 ma
1773 1136 2020 1228 libera,
2056 1138 2347 1232 scilicet,
2395 1158 2549 1229 nOS,
2590 1140 2688 1209 da
2732 1138 2853 1226 lui,

509 1260 798 1352 scilieet,
851 1260 1207 1352 daemone,
1254 1262 1372 1330 che
1421 1252 1481 1331 sl
1533 1262 1605 1331 la
1656 1279 1956 1354 sprona,
1991 1258 2194 1351 idest,
2232 1256 2578 1330 stimulat.
2620 1256 2705 1327 Et
2742 1253 2857 1327 hic

511 1388 679 1454 nota
734 1380 928 1473 quod
980 1387 1194 1474 poeta
1247 1379 1361 1453 bic
1412 1378 1745 1473 sequitur
1796 1380 2153 1451 Thomam
2209 1377 2302 1451 de
2348 1376 2657 1470 Aquino.
2708 1374 2859 1447 Ali-

512 1501 633 1594 qui
689 1509 937 1574 tamen
987 1501 1266 1593 volunt,
1319 1500 1516 1592 quod
1567 1520 1740 1574 cum
1792 1499 2093 1573 dicitur:
2145 1503 2270 1573 sed
2318 1500 2565 1587 libera,
2613 1497 2705 1570 sit
2744 1517 2861 1570 se-

511 1621 733 1715 ptima
782 1620 1052 1714 petitio,
1104 1621 1202 1693 ita
1258 1627 1340 1692 ut
1394 1625 1684 1713 petatur
1735 1619 2070 1693 liberatio
2120 1619 2216 1693 ab
2267 1617 2465 1691 omni
2511 1618 2729 1689 malo.
2768 1617 2857 1688 Et

513 1740 625 1813 hic
685 1750 855 1815 nota
919 1728 1114 1833 quod
1172 1745 1250 1812 ut
1299 1738 1525 1832 aliqui
1575 1739 1855 1831 volunt,
1910 1738 2063 1810 istae
2124 1748 2401 1833 septem
2468 1736 2852 1831 petitiones

511 1860 924 1933 contineant
972 1866 1249 1952 septem
1305 1859 1612 1932 virtutes
1663 1865 1919 1932 contra
1970 1863 2249 1952 septem
2289 1857 2498 1949 vitia,
2538 1857 2701 1930 ideo
2740 1855 2858 1926 ul-

513 1979 689 2051 timo
742 1978 1033 2072 ponitur
1085 1978 1477 2071 conclusiO,
1513 1998 1755 2070 amen,
1793 1977 2000 2071 quasi
2037 1977 2262 2051 dicat:
2301 1997 2498 2051 verae
2534 1983 2610 2050 et
2634 1977 2857 2070 justae

511 2104 678 2173 sunt
727 2098 1108 2193 petitiones
1162 2098 1285 2170 tibi
1337 2098 1746 2193 propositae,
1793 2097 1957 2171 ideo
2012 2117 2140 2170 nos
2193 2097 2547 2172 exaudire
2598 2096 2856 2191 digne-

514 2219 630 2292 ris.
685 2219 770 2291 Et
824 2218 1082 2290 ultimo
1134 2224 1349 2311 poeta
1394 2216 1612 2310 addit,
1650 2217 1847 2309 quod
1898 2216 2012 2289 isti
2063 2216 2358 2312 superbi
2410 2217 2511 2291 sie
2562 2221 2859 2288 orantes

516 2337 849 2411 dicebaut
900 2336 970 2409 in
1024 2336 1170 2409 fine
1205 2357 1285 2410 se
1322 2336 1563 2410 facere
1598 2336 1805 2408 istam
1858 2337 2192 2411 ultimam
2251 2338 2668 2432 petitionem
2709 2356 2857 2409 non

517 2477 648 2551 pro
710 2456 814 2530 eis
884 2456 1009 2530 sed
1063 2476 1197 2550 pro
1259 2455 1718 2548 viventibus3
1783 2456 1975 2529 unde
2038 2456 2250 2530 dicit:
2321 2465 2557 2547 questa
2617 2459 2859 2528 ultima

508 2580 913 2669 preylzz'era,
966 2576 1258 2669 scilieet,
1322 2597 1409 2648 ne
1474 2597 1604 2648 nos
1665 2578 2011 2668 inducas-‚-
2074 2598 2118 2649 o
2175 2580 2422 2666 siynor
2484 2598 2684 2665 care,
2735 2564 2858 2666 yid

514 2718 654 2768 non
702 2700 765 2769 si
815 2700 899 2789 sa
952 2718 1087 2789 per
1136 2699 1256 2768 noi
1305 2688 1427 2768 che*
1469 2716 1612 2767 non
1664 2696 1983 2786 bisoyna,
2026 2695 2198 2789 quia
2262 2696 2534 2768 mortui
2594 2694 2856 2769 tentari

518 2837 661 2889 non
714 2823 1033 2910 possunt,
1088 2839 1205 2888 ma
1244 2838 1382 2908 per
1432 2819 1627 2888 color
1675 2818 1795 2888 che
1842 2819 2066 2889 diecro
2117 2838 2166 2888 a
2216 2819 2337 2888 noi
2380 2824 2684 2906 restam,
2724 2815 2859 2887 sci-

518 2935 703 3028 licet,
757 2957 891 3029 pro
941 2936 1349 3010 viventibus
1401 2937 1473 3009 in
1528 2936 1826 3029 mundo,
1883 2937 1995 3010 vel
2058 2957 2191 3031 pro
2251 2935 2636 3009 animabus
2689 2956 2859 3028 quae

516 3063 686 3129 sunt
739 3061 961 3149 retr0,
1004 3077 1171 3150 quae
1210 3057 1533 3130 nondum
1570 3056 2031 3130 intraverunt
2074 3063 2358 3151 portam
2412 3057 2857 3153 purgatorii3

514 3197 690 3249 nam
747 3176 884 3249 illae
934 3182 1236 3271 possunt
1288 3176 1552 3250 tentari
1602 3197 1647 3250 a
1698 3176 2056 3270 daemone,
2094 3184 2176 3249 ut
2209 3178 2442 3271 patuit
2476 3200 2701 3272 supra
2736 3199 2862 3252 ca-

515 3297 741 3391 pitulo
794 3295 968 3390 VIII,
1021 3302 1095 3369 et
1145 3296 1247 3369 sic
1301 3297 1676 3371 moraliter
1728 3297 2101 3392 loquitur3
2155 3304 2388 3393 potest
2450 3299 2667 3373 etiam
2723 3299 2861 3373 dici

517 3415 711 3509 quod
764 3416 903 3488 illae
955 3436 1102 3488 non
1157 3423 1554 3509 tentantur,
1601 3416 1767 3492 licet
1818 3437 2118 3510 serpens
2170 3424 2454 3511 quaerat
2489 3420 2650 3513 hoc,
2688 3418 2861 3513 quia

517 3535 753 3630 angeli
806 3535 1204 3608 defendunt
1255 3557 1401 3610 eaS.
1431 3576 1529 3588 —
1562 3530 1735 3608 Cosi.
1792 3537 1922 3610 Hic
1975 3538 2233 3611 ultimo
2286 3544 2498 3632 poeta
2563 3539 2863 3612 conclu-

518 3655 617 3727 dit
665 3655 931 3728 bonam
968 3655 1504 3750 dispositionem
1543 3656 1830 3729 illarum
1871 3657 2313 3750 animarum,
2349 3658 2633 3732 dicens:
2679 3651 2860 3749 Cosi,

519 3775 706 3847 sicut
768 3775 1043 3849 dictum
1109 3783 1242 3869 est,
1308 3779 1506 3868 quell’
1533 3777 1793 3867 ombre,
1862 3777 2066 3871 idest,
2142 3778 2405 3851 animae
2474 3780 2860 3874 praedictae,

518 3899 797 3968 orando
849 3897 1079 3968 buona
1127 3919 1509 3988 ramoyna,
1545 3897 1748 3992 idest,
1787 3897 2062 3971 bonurn
2117 3898 2544 3993 augurium,
2580 3921 2627 3971 a
2677 3922 2751 3972 se
2799 3908 2866 3973 et

519 4039 565 4089 a
615 4020 758 4107 noi,
813 4016 936 4111 qui
990 4038 1248 4090 sumus
1298 4018 1536 4092 adhuc
1587 4018 1659 4091 in
1714 4020 1850 4091 boc
1901 4019 2173 4112 secu10,
2217 4023 2553 4092 andavan
2586 4028 2762 4092 sotto
2806 4023 2862 4093 il

510 4140 777 4229 ponda,
831 4136 1121 4230 scilicet,
1174 4158 1565 4232 saxorum3
1620 4144 1691 4212 et
1741 4138 2062 4212 declarat
2106 4138 2348 4233 ipsum
2401 4141 2682 4234 pondus
2725 4140 2864 4212 im-

517 4256 874 4351 portabile
922 4258 1436 4352 gravissimum
1494 4278 1624 4353 per
1686 4280 1911 4332 unam
1974 4261 2312 4335 subtilem
2373 4262 2862 4357 comparatio-

519 4396 713 4468 nem,
752 4396 917 4469 quae
960 4378 1452 4471 propriissime
1504 4386 1978 4474 repraesentat
2030 4382 2227 4455 bunc
2267 4389 2540 4477 actum,
2577 4382 2857 4458 dicens:

517 4499 734 4568 simile
768 4518 815 4568 a
858 4500 1036 4588 quel,
1089 4499 1381 4593 scilicet,
1434 4498 1759 4594 ponderi,
1814 4503 1933 4572 che
1978 4503 2080 4573 tal
2125 4505 2312 4575 volta
2361 4506 2422 4575 si
2470 4525 2717 4596 soyna.
2756 4504 2860 4579 Ad

521 4615 731 4689 cuius
792 4616 1337 4713 intelligentiam
1405 4624 1514 4692 est
1575 4619 1976 4693 notandum
2051 4621 2247 4715 quod
2317 4629 2426 4696 est
2493 4624 2856 4717 quoddam
