3704 5559
841 448 933 513 50
1576 456 1982 510 coMENTUM
2031 456 2468 509 PURGAToRu

838 829 1168 899 CANTUS
1231 831 1698 913 SECUNDUS,
1768 833 1841 897 in
1899 853 2018 915 quo
2077 838 2311 898 tractat
2367 834 2529 897 sicut
2588 832 2845 915 quidam
2903 834 3190 918 Anyelus

994 945 1178 1009 duxit
1210 945 1282 1009 in
1310 965 1470 1009 nave
1501 944 1746 1025 aliquos
1774 945 2060 1025 spiritus,
2096 949 2154 1008 et
2186 944 2400 1008 missis
2431 949 2489 1008 et
2519 943 2821 1025 depositis
2848 945 2920 1009 in
2954 951 3191 1011 terram

995 1057 1235 1122 locutus
1281 1062 1372 1121 est
1428 1054 1737 1139 Virgilius
1795 1076 1932 1120 oum
1993 1057 2124 1136 eis;
2184 1061 2244 1120 et
2300 1076 2438 1120 cum
2484 1056 2974 1136 perpendissent
3030 1057 3193 1139 quod

998 1166 1250 1232 Dante-s
1308 1166 1567 1244 vivebat,
1631 1186 1841 1231 omnes
1898 1187 2036 1231 eum
2082 1172 2566 1248 perspexerunt,
2616 1172 2676 1230 et
2731 1188 2898 1231 unus
2941 1172 3193 1232 vocatus

1004 1275 1255 1343 Gasella
1298 1277 1600 1358 precibus
1656 1277 1899 1342 Dantis
1956 1277 2287 1358 cantabat;
2334 1283 2394 1342 et
2440 1276 2594 1342 Cato
2651 1277 2855 1343 subito
2901 1298 3192 1359 superve-

1000 1392 1131 1470 nit5
1178 1410 1316 1456 cum
1361 1390 1630 1455 clamore
1675 1409 1886 1455 omnes
1931 1390 2224 1470 expulsit.

998 1700 1227 1867 Gn
1290 1815 1418 1867 era
1468 1797 1523 1866 il
1567 1797 1712 1866 sole
1762 1798 1881 1867 all’
1909 1798 2271 1869 orizzonle
2328 1799 2588 1886 giumo.
2659 1798 3057 1888 Postquam
3119 1796 3194 1869 in

847 1914 1210 2008 superiori
1260 1915 1577 2009 capitulo
1630 1916 2057 2009 prohemiali
2094 1908 2164 2007 (¹)
2204 1923 2421 2009 poeta
2471 1916 2743 1991 Dantes
2793 1916 3194 2010 proposuit,

849 2032 1233 2127 invocavit,
1287 2041 1360 2107 et
1410 2035 1739 2110 narravit
1790 2035 2105 2127 qualiter
2147 2036 2530 2109 intraverit
2560 2028 2633 2128 (²)
2685 2036 3196 2132 purgatorium

852 2172 984 2247 per
1036 2152 1414 2245 Catonem,
1468 2161 1542 2226 et
1591 2155 1782 2226 lotus
1850 2162 1925 2228 et
1987 2155 2268 2228 cinctus
2332 2156 2553 2231 suerit
2604 2177 2735 2250 per
2786 2157 3197 2252 Virgilium,

854 2291 1050 2344 nunc
1101 2280 1638 2364 consequenter
1689 2273 1763 2346 in
1814 2274 1950 2348 isto
1985 2276 2309 2349 secundo
2343 2277 2663 2370 capitulo
2697 2276 2940 2371 incipit
2975 2297 3194 2349 suum

852 2397 1248 2464 tractatum
1301 2391 1395 2465 de
1447 2392 1554 2464 bis
1596 2394 1719 2485 qui
1764 2396 2253 2490 neglexerunt
2284 2397 2787 2491 poeniteutiam
2828 2417 3067 2491 usque
3105 2396 3197 2469 ad

856 2521 1201 2607 mortem,
1253 2512 1381 2607 qui
1448 2520 1618 2586 sunt
1684 2513 1984 2608 relegati
2056 2517 2152 2589 ibi
2206 2517 2279 2589 in
2346 2518 2950 2612 antipurgatorio,
3014 2536 3200 2610 quo-

856 2656 1026 2707 rum
1078 2635 1327 2727 plures
1367 2642 1538 2707 sunt
1569 2634 1869 2728 species.
1907 2635 1995 2706 Et
2029 2638 2265 2729 primo
2301 2637 2372 2709 in
2410 2638 2545 2711 isto
2581 2637 2898 2732 capitulo
2940 2642 3200 2710 tractat

853 2753 945 2829 de
999 2754 1233 2848 prima
1284 2755 1525 2851 specie
1576 2775 1840 2829 eorum
1895 2755 2020 2847 qui
2079 2757 2555 2832 tardaverunt
2618 2779 2830 2833 suam
2892 2778 3202 2833 conver-

852 2874 1132 2949 sionem
1187 2897 1427 2969 usque
1476 2877 1549 2947 in
1601 2875 1822 2949 finem
1878 2875 2222 2948 abstracti
2273 2878 2519 2970 aliqua
2566 2899 2833 2974 magna
2885 2878 3202 2953 delecta-

856 2993 1051 3068 tione
1103 3001 1255 3068 tam
1309 2995 1627 3067 naturali
1684 3015 1910 3086 quam
1965 2993 2343 3088 artificiali,
2396 2998 2629 3090 qualis
2695 3004 2803 3071 est
2867 2998 2985 3071 illa
3038 3018 3203 3090 quae

855 3114 1180 3185 consistit
1230 3115 1303 3187 in
1357 3114 1659 3204 musica,
1704 3120 1881 3207 puta
1925 3122 2146 3187 cantu
2201 3117 2317 3188 vel
2368 3137 2568 3190 sono.
2606 3119 2692 3190 Et
2726 3139 3046 3211 praesens
3081 3140 3206 3191 ca—

858 3230 1174 3325 pitulum
1226 3238 1463 3327 potest
1515 3232 1836 3306 breviter
1890 3233 2104 3307 dividi
2158 3234 2232 3305 in
2296 3241 2616 3326 quatuor
2681 3244 2924 3331 partes
2981 3257 3207 3334 gene-

859 3352 1071 3424 raleS.
1126 3352 1205 3424 In
1254 3352 1491 3445 prima
1545 3373 1863 3445 quarum
1901 3359 2116 3446 poeta
2153 3353 2494 3430 describit
2531 3362 2820 3449 tempus
2855 3366 2928 3432 et
2962 3359 3204 3432 locum

859 3470 1079 3543 simul
1130 3471 1242 3543 sui
1297 3478 1649 3546 tractatus
1701 3473 2060 3546 subtiliter
2113 3480 2185 3546 et
2238 3476 2511 3567 pulcre.
2566 3476 2645 3547 In
2709 3479 3028 3551 secunda
3080 3478 3210 3550 de-

861 3591 1111 3664 scribit
1175 3612 1410 3663 unum
1471 3591 1861 3685 Angelum,
1913 3592 2122 3664 cuius
2174 3593 2501 3667 officium
2553 3603 2662 3669 est
2714 3603 3211 3691 transportare

862 3711 1146 3784 animas
1187 3710 1709 3785 salvandorum
1746 3710 1836 3784 ad
1880 3713 2390 3806 purgatorium
2434 3715 2505 3786 in
2549 3716 2741 3809 navi,
2785 3717 2881 3789 ibi
2924 3718 3207 3792 statim:

864 3835 1004 3904 Noz'
1052 3853 1364 3904 eravam.
1419 3832 1498 3903 In
1551 3832 1762 3905 tertia
1817 3831 2157 3905 describit
2195 3855 2416 3906 unam
2457 3823 2749 3910 turbam
2793 3839 3211 3912 animarum

862 3958 1320 4044 portatarum
1364 3951 1457 4024 ab
1498 3951 1798 4045 Angelo,
1837 3958 1912 4023 et
1947 3971 2206 4024 earum
2250 3954 2762 4049 conditionem,
2804 3956 2994 4031 inter
3029 3979 3213 4050 quas

862 4069 1203 4145 describit
1254 4071 1327 4142 in
1379 4071 1667 4164 speciali
1718 4092 1941 4144 unam
1980 4072 2303 4145 animam
2348 4075 2801 4169 modernam,
2838 4099 3064 4170 quam
3105 4079 3216 4152 sa—

866 4188 1248 4263 miliariter
1301 4198 1608 4264 noverat
1660 4191 1732 4263 in
1784 4191 1956 4285 vita,
2011 4192 2154 4264 ibi:
2219 4198 2320 4265 La
2385 4196 2609 4267 turba.
2676 4196 2756 4268 In
2824 4207 3090 4289 quarta
3142 4208 3216 4273 et

869 4305 1125 4380 ultima
1178 4308 1432 4381 invitat
1483 4310 1803 4383 animam
1850 4311 2066 4384 amici
2101 4312 2191 4384 ad
2227 4314 2665 4408 canendum,
2703 4317 2914 4389 cuius
2956 4324 3214 4391 cantus

995 4572 1051 4635 (¹)
1086 4576 1146 4624 E.
1181 4576 1586 4638 prohemialiter.
2215 4579 2267 4640 (¹)
2302 4584 2408 4639 117,
2444 4581 2745 4632 intraverat.
