<?xml version="1.0" encoding="UTF-8"?>
<!DOCTYPE html PUBLIC "-//W3C//DTD XHTML 1.0 Transitional//EN"
    "http://www.w3.org/TR/xhtml1/DTD/xhtml1-transitional.dtd">
<html xmlns="http://www.w3.org/1999/xhtml" xml:lang="en" lang="en">
 <head>
  <title>
</title>
<meta http-equiv="Content-Type" content="text/html;charset=utf-8" />
  <meta name='ocr-system' content='tesseract 3.04.00' />
  <meta name='ocr-capabilities' content='ocr_page ocr_carea ocr_par ocr_line ocrx_word'/>
</head>
<body>
  <div class='ocr_page' id='page_1' title='image "benvenutideramb00lacagoog_0118.png"; bbox 0 0 3704 5559; ppageno 0'>
   <div class='ocr_carea' id='block_1_1' title="bbox 826 473 2433 539">
    <p class='ocr_par' dir='ltr' id='par_1_1' title="bbox 826 473 2433 539">
     <span class='ocr_line' id='line_1_1' title="bbox 826 473 2433 539; baseline -0.001 -2"><span class='ocrx_word' id='word_1_1' title='bbox 826 473 963 538; x_wconf 90' lang='grc'>106</span> <span class='ocrx_word' id='word_1_2' title='bbox 1537 483 1944 539; x_wconf 75' lang='lat' dir='ltr'>comEN‘rUM</span> <span class='ocrx_word' id='word_1_3' title='bbox 1995 484 2433 539; x_wconf 67' lang='lat' dir='ltr'>punc-nonu</span> 
     </span>
    </p>
   </div>
   <div class='ocr_carea' id='block_1_2' title="bbox 816 627 3169 4452">
    <p class='ocr_par' dir='ltr' id='par_1_2' title="bbox 816 627 3169 4452">
     <span class='ocr_line' id='line_1_2' title="bbox 821 627 3126 724; baseline 0.001 -25"><span class='ocrx_word' id='word_1_4' title='bbox 821 633 966 700; x_wconf 91' lang='lat' dir='ltr'>tem</span> <span class='ocrx_word' id='word_1_5' title='bbox 1023 627 1368 701; x_wconf 87' lang='lat' dir='ltr'>Federici.</span> <span class='ocrx_word' id='word_1_6' title='bbox 1424 630 1710 702; x_wconf 89' lang='lat' dir='ltr'>Mortuo</span> <span class='ocrx_word' id='word_1_7' title='bbox 1762 629 2119 721; x_wconf 86' lang='lat' dir='ltr'>Conrado,</span> <span class='ocrx_word' id='word_1_8' title='bbox 2174 628 2588 702; x_wconf 85' lang='lat' dir='ltr'>Mansredus</span> <span class='ocrx_word' id='word_1_9' title='bbox 2625 629 2973 701; x_wconf 81' lang='lat' dir='ltr'><strong>remansit</strong></span> <span class='ocrx_word' id='word_1_10' title='bbox 3024 650 3126 724; x_wconf 90' lang='lat' dir='ltr'>gu</span> 
     </span>
     <span class='ocr_line' id='line_1_3' title="bbox 817 748 3158 845; baseline 0 -23"><span class='ocrx_word' id='word_1_11' title='bbox 817 748 1165 822; x_wconf 91' lang='lat' dir='ltr'>bernator</span> <span class='ocrx_word' id='word_1_12' title='bbox 1218 749 1448 845; x_wconf 90' lang='lat' dir='ltr'>regni,</span> <span class='ocrx_word' id='word_1_13' title='bbox 1500 770 1649 844; x_wconf 90' lang='lat' dir='ltr'>quo</span> <span class='ocrx_word' id='word_1_14' title='bbox 1702 756 2034 845; x_wconf 90' lang='lat' dir='ltr'>tempore</span> <span class='ocrx_word' id='word_1_15' title='bbox 2083 749 2545 824; x_wconf 82' lang='lat' dir='ltr'>Innocentius</span> <span class='ocrx_word' id='word_1_16' title='bbox 2595 770 2781 844; x_wconf 89' lang='lat' dir='ltr'>papa</span> <span class='ocrx_word' id='word_1_17' title='bbox 2832 750 2921 822; x_wconf 88' lang='lat' dir='ltr'>IV</span> <span class='ocrx_word' id='word_1_18' title='bbox 2988 769 3158 822; x_wconf 90' lang='lat' dir='ltr'>cum</span> 
     </span>
     <span class='ocr_line' id='line_1_4' title="bbox 819 870 3164 966; baseline 0.001 -25"><span class='ocrx_word' id='word_1_19' title='bbox 819 890 1087 965; x_wconf 88' lang='lat' dir='ltr'>magno</span> <span class='ocrx_word' id='word_1_20' title='bbox 1140 870 1472 944; x_wconf 86' lang='lat' dir='ltr'>exercitu</span> <span class='ocrx_word' id='word_1_21' title='bbox 1533 870 1829 944; x_wconf 91' lang='lat' dir='ltr'>intravit</span> <span class='ocrx_word' id='word_1_22' title='bbox 1901 890 2263 965; x_wconf 83' lang='lat' dir='ltr'>regnum3</span> <span class='ocrx_word' id='word_1_23' title='bbox 2317 870 2444 944; x_wconf 92' lang='lat' dir='ltr'>sed</span> <span class='ocrx_word' id='word_1_24' title='bbox 2508 890 2656 943; x_wconf 93' lang='lat' dir='ltr'>non</span> <span class='ocrx_word' id='word_1_25' title='bbox 2718 871 2952 944; x_wconf 92' lang='lat' dir='ltr'>multo</span> <span class='ocrx_word' id='word_1_26' title='bbox 3003 877 3164 966; x_wconf 89' lang='lat' dir='ltr'>post</span> 
     </span>
     <span class='ocr_line' id='line_1_5' title="bbox 817 991 3163 1087; baseline 0 -23"><span class='ocrx_word' id='word_1_27' title='bbox 817 998 1158 1065; x_wconf 90' lang='lat' dir='ltr'>mortuus</span> <span class='ocrx_word' id='word_1_28' title='bbox 1192 997 1302 1066; x_wconf 86' lang='lat' dir='ltr'>est</span> <span class='ocrx_word' id='word_1_29' title='bbox 1326 992 1620 1087; x_wconf 82' lang='lat' dir='ltr'>Neapoli</span> <span class='ocrx_word' id='word_1_30' title='bbox 1648 998 1722 1065; x_wconf 93' lang='lat' dir='ltr'>et</span> <span class='ocrx_word' id='word_1_31' title='bbox 1749 992 2097 1086; x_wconf 92' lang='lat' dir='ltr'>sepultus.</span> <span class='ocrx_word' id='word_1_32' title='bbox 2136 991 2550 1064; x_wconf 84' lang='lat' dir='ltr'>Manfredus</span> <span class='ocrx_word' id='word_1_33' title='bbox 2584 998 2835 1065; x_wconf 88' lang='lat' dir='ltr'>autem</span> <span class='ocrx_word' id='word_1_34' title='bbox 2868 998 3163 1086; x_wconf 89' lang='lat' dir='ltr'>propter</span> 
     </span>
     <span class='ocr_line' id='line_1_6' title="bbox 818 1110 3164 1206; baseline 0.001 -24"><span class='ocrx_word' id='word_1_35' title='bbox 818 1111 1111 1206; x_wconf 90' lang='lat' dir='ltr'>longam</span> <span class='ocrx_word' id='word_1_36' title='bbox 1169 1112 1627 1185; x_wconf 85' lang='lat' dir='ltr'>vacationem</span> <span class='ocrx_word' id='word_1_37' title='bbox 1664 1111 2012 1203; x_wconf 82' lang='lat' dir='ltr'>ecclesiae,</span> <span class='ocrx_word' id='word_1_38' title='bbox 2057 1132 2224 1204; x_wconf 87' lang='lat' dir='ltr'>quae</span> <span class='ocrx_word' id='word_1_39' title='bbox 2259 1110 2552 1185; x_wconf 89' lang='lat' dir='ltr'>duravit</span> <span class='ocrx_word' id='word_1_40' title='bbox 2593 1112 2928 1206; x_wconf 88' lang='lat' dir='ltr'>pluribus</span> <span class='ocrx_word' id='word_1_41' title='bbox 2978 1111 3164 1185; x_wconf 91' lang='lat' dir='ltr'>duo-</span> 
     </span>
     <span class='ocr_line' id='line_1_7' title="bbox 821 1231 3166 1327; baseline 0.001 -23"><span class='ocrx_word' id='word_1_42' title='bbox 821 1231 959 1304; x_wconf 86' lang='lat' dir='ltr'>bus</span> <span class='ocrx_word' id='word_1_43' title='bbox 1009 1232 1217 1304; x_wconf 91' lang='lat' dir='ltr'>annis</span> <span class='ocrx_word' id='word_1_44' title='bbox 1269 1231 1425 1305; x_wconf 88' lang='lat' dir='ltr'>sine</span> <span class='ocrx_word' id='word_1_45' title='bbox 1476 1237 1788 1325; x_wconf 83' lang='lat' dir='ltr'>pastore,</span> <span class='ocrx_word' id='word_1_46' title='bbox 1841 1231 2226 1324; x_wconf 88' lang='lat' dir='ltr'>occupavit</span> <span class='ocrx_word' id='word_1_47' title='bbox 2275 1232 2559 1304; x_wconf 90' lang='lat' dir='ltr'>omnia:</span> <span class='ocrx_word' id='word_1_48' title='bbox 2605 1240 2679 1305; x_wconf 92' lang='lat' dir='ltr'>et</span> <span class='ocrx_word' id='word_1_49' title='bbox 2715 1251 3166 1327; x_wconf 83' lang='lat' dir='ltr'>magnopere</span> 
     </span>
     <span class='ocr_line' id='line_1_8' title="bbox 820 1350 3166 1428; baseline 0 -5"><span class='ocrx_word' id='word_1_50' title='bbox 820 1352 1096 1425; x_wconf 83' lang='lat' dir='ltr'><strong>studuit</strong></span> <span class='ocrx_word' id='word_1_51' title='bbox 1148 1353 1584 1425; x_wconf 86' lang='lat' dir='ltr'>contrahere</span> <span class='ocrx_word' id='word_1_52' title='bbox 1635 1362 1709 1428; x_wconf 91' lang='lat' dir='ltr'>et</span> <span class='ocrx_word' id='word_1_53' title='bbox 1760 1350 2203 1427; x_wconf 86' lang='lat' dir='ltr'>confirmare</span> <span class='ocrx_word' id='word_1_54' title='bbox 2253 1352 2608 1426; x_wconf 86' lang='lat' dir='ltr'>amicitias</span> <span class='ocrx_word' id='word_1_55' title='bbox 2652 1352 2973 1426; x_wconf 88' lang='lat' dir='ltr'>fidelium</span> <span class='ocrx_word' id='word_1_56' title='bbox 3025 1352 3166 1424; x_wconf 90' lang='lat' dir='ltr'>im-</span> 
     </span>
     <span class='ocr_line' id='line_1_9' title="bbox 820 1471 3160 1568; baseline -0.001 -23"><span class='ocrx_word' id='word_1_57' title='bbox 820 1471 1000 1565; x_wconf 91' lang='lat' dir='ltr'>perii</span> <span class='ocrx_word' id='word_1_58' title='bbox 1054 1472 1126 1543; x_wconf 93' lang='lat' dir='ltr'>in</span> <span class='ocrx_word' id='word_1_59' title='bbox 1178 1472 1435 1546; x_wconf 91' lang='lat' dir='ltr'>Tuscia</span> <span class='ocrx_word' id='word_1_60' title='bbox 1489 1478 1560 1545; x_wconf 93' lang='lat' dir='ltr'>et</span> <span class='ocrx_word' id='word_1_61' title='bbox 1610 1472 2068 1545; x_wconf 90' lang='lat' dir='ltr'>Lombardia.</span> <span class='ocrx_word' id='word_1_62' title='bbox 2106 1473 2194 1548; x_wconf 87' lang='lat' dir='ltr'>Et</span> <span class='ocrx_word' id='word_1_63' title='bbox 2231 1473 2483 1545; x_wconf 84' lang='lat' dir='ltr'>volens</span> <span class='ocrx_word' id='word_1_64' title='bbox 2516 1472 2760 1546; x_wconf 86' lang='lat' dir='ltr'>facere</span> <span class='ocrx_word' id='word_1_65' title='bbox 2793 1492 2873 1545; x_wconf 92' lang='lat' dir='ltr'>se</span> <span class='ocrx_word' id='word_1_66' title='bbox 2909 1492 3160 1568; x_wconf 89' lang='lat' dir='ltr'>regem</span> 
     </span>
     <span class='ocr_line' id='line_1_10' title="bbox 820 1592 3162 1688; baseline 0 -23"><span class='ocrx_word' id='word_1_67' title='bbox 820 1592 1226 1666; x_wconf 88' lang='lat' dir='ltr'>conciliavit</span> <span class='ocrx_word' id='word_1_68' title='bbox 1293 1592 1427 1665; x_wconf 91' lang='lat' dir='ltr'>sibi</span> <span class='ocrx_word' id='word_1_69' title='bbox 1489 1593 1772 1665; x_wconf 93' lang='lat' dir='ltr'>animos</span> <span class='ocrx_word' id='word_1_70' title='bbox 1836 1592 2199 1666; x_wconf 89' lang='lat' dir='ltr'>baronum</span> <span class='ocrx_word' id='word_1_71' title='bbox 2267 1592 2491 1687; x_wconf 91' lang='lat' dir='ltr'>regni.</span> <span class='ocrx_word' id='word_1_72' title='bbox 2556 1592 2745 1664; x_wconf 91' lang='lat' dir='ltr'>Usus</span> <span class='ocrx_word' id='word_1_73' title='bbox 2808 1600 2918 1666; x_wconf 86' lang='lat' dir='ltr'>est</span> <span class='ocrx_word' id='word_1_74' title='bbox 2984 1612 3162 1688; x_wconf 92' lang='lat' dir='ltr'>ergo</span> 
     </span>
     <span class='ocr_line' id='line_1_11' title="bbox 820 1712 3165 1808; baseline 0 -23"><span class='ocrx_word' id='word_1_75' title='bbox 820 1713 1078 1787; x_wconf 86' lang='lat' dir='ltr'>fraude</span> <span class='ocrx_word' id='word_1_76' title='bbox 1145 1715 1487 1806; x_wconf 84' lang='lat' dir='ltr'>honesta3</span> <span class='ocrx_word' id='word_1_77' title='bbox 1556 1735 1720 1788; x_wconf 89' lang='lat' dir='ltr'>nam</span> <span class='ocrx_word' id='word_1_78' title='bbox 1793 1714 2211 1787; x_wconf 90' lang='lat' dir='ltr'>convocatis</span> <span class='ocrx_word' id='word_1_79' title='bbox 2282 1712 2747 1808; x_wconf 90' lang='lat' dir='ltr'>magnatibus</span> <span class='ocrx_word' id='word_1_80' title='bbox 2816 1713 3019 1786; x_wconf 85' lang='lat' dir='ltr'>finxit</span> <span class='ocrx_word' id='word_1_81' title='bbox 3086 1732 3165 1786; x_wconf 91' lang='lat' dir='ltr'>se</span> 
     </span>
     <span class='ocr_line' id='line_1_12' title="bbox 820 1824 3166 1928; baseline 0 -23"><span class='ocrx_word' id='word_1_82' title='bbox 820 1833 1162 1907; x_wconf 90' lang='lat' dir='ltr'>habuisse</span> <span class='ocrx_word' id='word_1_83' title='bbox 1196 1853 1325 1928; x_wconf 91' lang='lat' dir='ltr'>per</span> <span class='ocrx_word' id='word_1_84' title='bbox 1370 1834 1641 1928; x_wconf 83' lang='lat' dir='ltr'>literaS,</span> <span class='ocrx_word' id='word_1_85' title='bbox 1696 1834 2010 1927; x_wconf 90' lang='lat' dir='ltr'>qualiter</span> <span class='ocrx_word' id='word_1_86' title='bbox 2047 1833 2427 1907; x_wconf 90' lang='lat' dir='ltr'>Conradus</span> <span class='ocrx_word' id='word_1_87' title='bbox 2455 1824 2528 1924; x_wconf 80' lang='lat'>(¹)</span> <span class='ocrx_word' id='word_1_88' title='bbox 2571 1853 2795 1927; x_wconf 91' lang='lat' dir='ltr'>nepos</span> <span class='ocrx_word' id='word_1_89' title='bbox 2834 1832 3166 1906; x_wconf 89' lang='lat' dir='ltr'>infirma-</span> 
     </span>
     <span class='ocr_line' id='line_1_13' title="bbox 819 1952 3164 2048; baseline -0.001 -21"><span class='ocrx_word' id='word_1_90' title='bbox 819 1952 1038 2027; x_wconf 87' lang='lat' dir='ltr'>batur</span> <span class='ocrx_word' id='word_1_91' title='bbox 1086 1953 1180 2026; x_wconf 93' lang='lat' dir='ltr'>ad</span> <span class='ocrx_word' id='word_1_92' title='bbox 1234 1961 1572 2048; x_wconf 88' lang='lat' dir='ltr'>mortem,</span> <span class='ocrx_word' id='word_1_93' title='bbox 1626 1953 1718 2028; x_wconf 90' lang='lat' dir='ltr'>de</span> <span class='ocrx_word' id='word_1_94' title='bbox 1769 1974 2090 2046; x_wconf 89' lang='lat' dir='ltr'>quorum</span> <span class='ocrx_word' id='word_1_95' title='bbox 2145 1953 2472 2043; x_wconf 9' lang='lat' dir='ltr'>consilio,</span> <span class='ocrx_word' id='word_1_96' title='bbox 2508 1953 2701 2025; x_wconf 89' lang='lat' dir='ltr'>misit</span> <span class='ocrx_word' id='word_1_97' title='bbox 2764 1953 3041 2048; x_wconf 90' lang='lat' dir='ltr'>legatos</span> <span class='ocrx_word' id='word_1_98' title='bbox 3092 1953 3164 2025; x_wconf 93' lang='lat' dir='ltr'>in</span> 
     </span>
     <span class='ocr_line' id='line_1_14' title="bbox 819 2071 3167 2169; baseline 0.001 -25"><span class='ocrx_word' id='word_1_99' title='bbox 819 2071 1290 2146; x_wconf 88' lang='lat' dir='ltr'>Germaniam</span> <span class='ocrx_word' id='word_1_100' title='bbox 1324 2073 1417 2148; x_wconf 90' lang='lat' dir='ltr'>ad</span> <span class='ocrx_word' id='word_1_101' title='bbox 1452 2074 1976 2167; x_wconf 86' lang='lat' dir='ltr'>explorandam</span> <span class='ocrx_word' id='word_1_102' title='bbox 2015 2073 2422 2147; x_wconf 84' lang='lat' dir='ltr'>veritatem.</span> <span class='ocrx_word' id='word_1_103' title='bbox 2452 2072 2704 2168; x_wconf 83' lang='lat' dir='ltr'>Legati</span> <span class='ocrx_word' id='word_1_104' title='bbox 2740 2072 2962 2169; x_wconf 91' lang='lat' dir='ltr'>igitur</span> <span class='ocrx_word' id='word_1_105' title='bbox 2996 2093 3167 2167; x_wconf 92' lang='lat' dir='ltr'>pro-</span> 
     </span>
     <span class='ocr_line' id='line_1_15' title="bbox 820 2192 3164 2288; baseline 0.001 -24"><span class='ocrx_word' id='word_1_106' title='bbox 820 2192 987 2266; x_wconf 84' lang='lat' dir='ltr'>fecti</span> <span class='ocrx_word' id='word_1_107' title='bbox 1039 2192 1111 2266; x_wconf 93' lang='lat' dir='ltr'>in</span> <span class='ocrx_word' id='word_1_108' title='bbox 1170 2193 1663 2287; x_wconf 84' lang='lat' dir='ltr'>Germaniam,</span> <span class='ocrx_word' id='word_1_109' title='bbox 1718 2194 2156 2268; x_wconf 86' lang='lat' dir='ltr'>invenerunt</span> <span class='ocrx_word' id='word_1_110' title='bbox 2207 2193 2404 2288; x_wconf 91' lang='lat' dir='ltr'>quod</span> <span class='ocrx_word' id='word_1_111' title='bbox 2472 2200 2709 2268; x_wconf 88' lang='lat' dir='ltr'>mater</span> <span class='ocrx_word' id='word_1_112' title='bbox 2778 2193 3164 2268; x_wconf 88' lang='lat' dir='ltr'>Conradini</span> 
     </span>
     <span class='ocr_line' id='line_1_16' title="bbox 821 2312 3167 2408; baseline 0.001 -23"><span class='ocrx_word' id='word_1_113' title='bbox 821 2312 1121 2387; x_wconf 82' lang='lat' dir='ltr'>sollicita</span> <span class='ocrx_word' id='word_1_114' title='bbox 1173 2312 1265 2387; x_wconf 90' lang='lat' dir='ltr'>de</span> <span class='ocrx_word' id='word_1_115' title='bbox 1313 2314 1551 2387; x_wconf 90' lang='lat' dir='ltr'>salute</span> <span class='ocrx_word' id='word_1_116' title='bbox 1602 2313 1725 2387; x_wconf 86' lang='lat' dir='ltr'>filii</span> <span class='ocrx_word' id='word_1_117' title='bbox 1761 2314 2056 2388; x_wconf 91' lang='lat' dir='ltr'>tenebat</span> <span class='ocrx_word' id='word_1_118' title='bbox 2090 2333 2264 2387; x_wconf 90' lang='lat' dir='ltr'>eum</span> <span class='ocrx_word' id='word_1_119' title='bbox 2301 2334 2471 2388; x_wconf 90' lang='lat' dir='ltr'>cum</span> <span class='ocrx_word' id='word_1_120' title='bbox 2509 2314 2667 2387; x_wconf 91' lang='lat' dir='ltr'>aliis</span> <span class='ocrx_word' id='word_1_121' title='bbox 2711 2314 2958 2408; x_wconf 91' lang='lat' dir='ltr'>pueris</span> <span class='ocrx_word' id='word_1_122' title='bbox 2994 2333 3167 2387; x_wconf 93' lang='lat' dir='ltr'>coe-</span> 
     </span>
     <span class='ocr_line' id='line_1_17' title="bbox 824 2432 3164 2528; baseline 0 -22"><span class='ocrx_word' id='word_1_123' title='bbox 824 2433 1054 2506; x_wconf 88' lang='lat' dir='ltr'>taneis</span> <span class='ocrx_word' id='word_1_124' title='bbox 1083 2432 1154 2506; x_wconf 92' lang='lat' dir='ltr'>in</span> <span class='ocrx_word' id='word_1_125' title='bbox 1189 2434 1446 2507; x_wconf 91' lang='lat' dir='ltr'>eodem</span> <span class='ocrx_word' id='word_1_126' title='bbox 1482 2433 1755 2506; x_wconf 90' lang='lat' dir='ltr'>habitu.</span> <span class='ocrx_word' id='word_1_127' title='bbox 1792 2435 1972 2521; x_wconf 84' lang='lat' dir='ltr'>Quae</span> <span class='ocrx_word' id='word_1_128' title='bbox 2008 2433 2259 2508; x_wconf 89' lang='lat' dir='ltr'>videns</span> <span class='ocrx_word' id='word_1_129' title='bbox 2288 2454 2555 2528; x_wconf 89' lang='lat' dir='ltr'>magna</span> <span class='ocrx_word' id='word_1_130' title='bbox 2595 2453 2910 2506; x_wconf 89' lang='lat' dir='ltr'>munera</span> <span class='ocrx_word' id='word_1_131' title='bbox 2946 2434 3164 2506; x_wconf 90' lang='lat' dir='ltr'>missa</span> 
     </span>
     <span class='ocr_line' id='line_1_18' title="bbox 821 2552 3160 2647; baseline -0.001 -20"><span class='ocrx_word' id='word_1_132' title='bbox 821 2574 866 2627; x_wconf 88' lang='lat' dir='ltr'>a</span> <span class='ocrx_word' id='word_1_133' title='bbox 917 2553 1311 2644; x_wconf 82' lang='lat' dir='ltr'>MansredO,</span> <span class='ocrx_word' id='word_1_134' title='bbox 1369 2554 1629 2627; x_wconf 91' lang='lat' dir='ltr'>timens</span> <span class='ocrx_word' id='word_1_135' title='bbox 1681 2574 1774 2627; x_wconf 93' lang='lat' dir='ltr'>ne</span> <span class='ocrx_word' id='word_1_136' title='bbox 1826 2553 2016 2627; x_wconf 88' lang='lat' dir='ltr'>filius</span> <span class='ocrx_word' id='word_1_137' title='bbox 2075 2552 2358 2627; x_wconf 89' lang='lat' dir='ltr'>biberet</span> <span class='ocrx_word' id='word_1_138' title='bbox 2405 2553 2498 2627; x_wconf 92' lang='lat' dir='ltr'>de</span> <span class='ocrx_word' id='word_1_139' title='bbox 2555 2573 2647 2626; x_wconf 92' lang='lat' dir='ltr'>eo</span> <span class='ocrx_word' id='word_1_140' title='bbox 2696 2552 2959 2647; x_wconf 92' lang='lat' dir='ltr'>poculo</span> <span class='ocrx_word' id='word_1_141' title='bbox 3011 2572 3160 2646; x_wconf 89' lang='lat' dir='ltr'>quo</span> 
     </span>
     <span class='ocr_line' id='line_1_19' title="bbox 825 2672 3165 2767; baseline -0 -21"><span class='ocrx_word' id='word_1_142' title='bbox 825 2681 1057 2767; x_wconf 87' lang='lat' dir='ltr'>pater,</span> <span class='ocrx_word' id='word_1_143' title='bbox 1111 2672 1539 2747; x_wconf 90' lang='lat' dir='ltr'>subornavit</span> <span class='ocrx_word' id='word_1_144' title='bbox 1598 2674 1823 2747; x_wconf 89' lang='lat' dir='ltr'>alium</span> <span class='ocrx_word' id='word_1_145' title='bbox 1881 2676 2040 2748; x_wconf 93' lang='lat' dir='ltr'>loco</span> <span class='ocrx_word' id='word_1_146' title='bbox 2092 2672 2376 2767; x_wconf 81' lang='lat' dir='ltr'>pupilli3</span> <span class='ocrx_word' id='word_1_147' title='bbox 2430 2672 2547 2746; x_wconf 92' lang='lat' dir='ltr'>cui</span> <span class='ocrx_word' id='word_1_148' title='bbox 2602 2672 3165 2746; x_wconf 89' lang='lat' dir='ltr'>ambassiatores</span> 
     </span>
     <span class='ocr_line' id='line_1_20' title="bbox 822 2793 3166 2890; baseline 0 -23"><span class='ocrx_word' id='word_1_149' title='bbox 822 2793 1183 2883; x_wconf 89' lang='lat' dir='ltr'>dederunt</span> <span class='ocrx_word' id='word_1_150' title='bbox 1233 2816 1599 2869; x_wconf 88' lang='lat' dir='ltr'>venenum</span> <span class='ocrx_word' id='word_1_151' title='bbox 1657 2797 1728 2868; x_wconf 91' lang='lat' dir='ltr'>in</span> <span class='ocrx_word' id='word_1_152' title='bbox 1782 2796 2234 2869; x_wconf 82' lang='lat' dir='ltr'>confectione</span> <span class='ocrx_word' id='word_1_153' title='bbox 2285 2794 2630 2889; x_wconf 86' lang='lat' dir='ltr'>quadarn,</span> <span class='ocrx_word' id='word_1_154' title='bbox 2666 2815 2756 2868; x_wconf 86' lang='lat' dir='ltr'>ex</span> <span class='ocrx_word' id='word_1_155' title='bbox 2796 2816 2944 2889; x_wconf 91' lang='lat' dir='ltr'>quo</span> <span class='ocrx_word' id='word_1_156' title='bbox 2980 2816 3166 2890; x_wconf 88' lang='lat' dir='ltr'>puer</span> 
     </span>
     <span class='ocr_line' id='line_1_21' title="bbox 824 2914 3169 3009; baseline 0.001 -23"><span class='ocrx_word' id='word_1_157' title='bbox 824 2922 1164 2989; x_wconf 90' lang='lat' dir='ltr'>mortuus</span> <span class='ocrx_word' id='word_1_158' title='bbox 1214 2922 1343 2989; x_wconf 88' lang='lat' dir='ltr'>est.</span> <span class='ocrx_word' id='word_1_159' title='bbox 1399 2916 1535 3009; x_wconf 90' lang='lat' dir='ltr'>Ipsi</span> <span class='ocrx_word' id='word_1_160' title='bbox 1588 2936 1766 2989; x_wconf 89' lang='lat' dir='ltr'>vero</span> <span class='ocrx_word' id='word_1_161' title='bbox 1819 2916 2200 2989; x_wconf 88' lang='lat' dir='ltr'>credentes</span> <span class='ocrx_word' id='word_1_162' title='bbox 2252 2935 2429 2988; x_wconf 85' lang='lat' dir='ltr'>vere</span> <span class='ocrx_word' id='word_1_163' title='bbox 2480 2914 2927 2989; x_wconf 82' lang='lat' dir='ltr'>interfecisse</span> <span class='ocrx_word' id='word_1_164' title='bbox 2980 2915 3169 2989; x_wconf 91' lang='lat' dir='ltr'>Con-</span> 
     </span>
     <span class='ocr_line' id='line_1_22' title="bbox 824 3034 3168 3130; baseline 0.001 -23"><span class='ocrx_word' id='word_1_165' title='bbox 824 3035 1186 3130; x_wconf 89' lang='lat' dir='ltr'>radinum,</span> <span class='ocrx_word' id='word_1_166' title='bbox 1241 3036 1520 3110; x_wconf 88' lang='lat' dir='ltr'>reversi</span> <span class='ocrx_word' id='word_1_167' title='bbox 1568 3036 1908 3109; x_wconf 87' lang='lat' dir='ltr'>Venetias</span> <span class='ocrx_word' id='word_1_168' title='bbox 1962 3036 2293 3111; x_wconf 82' lang='lat' dir='ltr'>fecerunt</span> <span class='ocrx_word' id='word_1_169' title='bbox 2344 3034 2504 3108; x_wconf 89' lang='lat' dir='ltr'>fieri</span> <span class='ocrx_word' id='word_1_170' title='bbox 2553 3036 2787 3130; x_wconf 85' lang='lat' dir='ltr'>galeae</span> <span class='ocrx_word' id='word_1_171' title='bbox 2831 3056 2987 3109; x_wconf 84' lang='lat' dir='ltr'>suae</span> <span class='ocrx_word' id='word_1_172' title='bbox 3040 3057 3168 3110; x_wconf 89' lang='lat' dir='ltr'>ve-</span> 
     </span>
     <span class='ocr_line' id='line_1_23' title="bbox 821 3154 3165 3250; baseline 0.001 -25"><span class='ocrx_word' id='word_1_173' title='bbox 821 3154 976 3226; x_wconf 90' lang='lat' dir='ltr'>lum</span> <span class='ocrx_word' id='word_1_174' title='bbox 1032 3159 1103 3227; x_wconf 90' lang='lat' dir='ltr'>et</span> <span class='ocrx_word' id='word_1_175' title='bbox 1155 3161 1420 3228; x_wconf 85' lang='lat' dir='ltr'>caetera</span> <span class='ocrx_word' id='word_1_176' title='bbox 1475 3155 1961 3229; x_wconf 91' lang='lat' dir='ltr'>instrumenta</span> <span class='ocrx_word' id='word_1_177' title='bbox 2013 3155 2247 3250; x_wconf 91' lang='lat' dir='ltr'>nigra,</span> <span class='ocrx_word' id='word_1_178' title='bbox 2302 3160 2377 3228; x_wconf 92' lang='lat' dir='ltr'>et</span> <span class='ocrx_word' id='word_1_179' title='bbox 2426 3155 2559 3248; x_wconf 90' lang='lat' dir='ltr'>ipsi</span> <span class='ocrx_word' id='word_1_180' title='bbox 2610 3161 3165 3250; x_wconf 88' lang='lat' dir='ltr'>assumpserunt</span> 
     </span>
     <span class='ocr_line' id='line_1_24' title="bbox 824 3257 3166 3371; baseline 0.001 -24"><span class='ocrx_word' id='word_1_181' title='bbox 824 3257 1255 3349; x_wconf 86' lang='lat' dir='ltr'>vestimenta</span> <span class='ocrx_word' id='word_1_182' title='bbox 1308 3276 1539 3371; x_wconf 90' lang='lat' dir='ltr'>nigra,</span> <span class='ocrx_word' id='word_1_183' title='bbox 1597 3282 1670 3349; x_wconf 92' lang='lat' dir='ltr'>et</span> <span class='ocrx_word' id='word_1_184' title='bbox 1729 3275 2135 3349; x_wconf 90' lang='lat' dir='ltr'>secundum</span> <span class='ocrx_word' id='word_1_185' title='bbox 2190 3274 2523 3349; x_wconf 91' lang='lat' dir='ltr'>ordinem</span> <span class='ocrx_word' id='word_1_186' title='bbox 2585 3276 2834 3349; x_wconf 89' lang='lat' dir='ltr'>datum</span> <span class='ocrx_word' id='word_1_187' title='bbox 2891 3277 3166 3350; x_wconf 91' lang='lat' dir='ltr'>retule-</span> 
     </span>
     <span class='ocr_line' id='line_1_25' title="bbox 824 3395 3166 3491; baseline 0.002 -26"><span class='ocrx_word' id='word_1_188' title='bbox 824 3400 998 3465; x_wconf 89' lang='lat' dir='ltr'>runt</span> <span class='ocrx_word' id='word_1_189' title='bbox 1040 3401 1352 3467; x_wconf 89' lang='lat' dir='ltr'>mortem</span> <span class='ocrx_word' id='word_1_190' title='bbox 1393 3395 1622 3488; x_wconf 90' lang='lat' dir='ltr'>pueri.</span> <span class='ocrx_word' id='word_1_191' title='bbox 1661 3395 2074 3469; x_wconf 82' lang='lat' dir='ltr'>Mansredus</span> <span class='ocrx_word' id='word_1_192' title='bbox 2106 3401 2480 3488; x_wconf 87' lang='lat' dir='ltr'>assumpta</span> <span class='ocrx_word' id='word_1_193' title='bbox 2515 3402 2721 3469; x_wconf 85' lang='lat' dir='ltr'>veste</span> <span class='ocrx_word' id='word_1_194' title='bbox 2765 3396 2972 3491; x_wconf 91' lang='lat' dir='ltr'>nigra</span> <span class='ocrx_word' id='word_1_195' title='bbox 3007 3403 3166 3491; x_wconf 89' lang='lat' dir='ltr'>post</span> 
     </span>
     <span class='ocr_line' id='line_1_26' title="bbox 825 3515 3166 3612; baseline 0.002 -26"><span class='ocrx_word' id='word_1_196' title='bbox 825 3534 1174 3609; x_wconf 91' lang='lat' dir='ltr'>magnum</span> <span class='ocrx_word' id='word_1_197' title='bbox 1254 3516 1647 3609; x_wconf 89' lang='lat' dir='ltr'>planctum,</span> <span class='ocrx_word' id='word_1_198' title='bbox 1720 3536 1891 3589; x_wconf 91' lang='lat' dir='ltr'>cum</span> <span class='ocrx_word' id='word_1_199' title='bbox 1957 3516 2212 3590; x_wconf 82' lang='lat' dir='ltr'>favore</span> <span class='ocrx_word' id='word_1_200' title='bbox 2274 3515 2687 3589; x_wconf 89' lang='lat' dir='ltr'>amicorum</span> <span class='ocrx_word' id='word_1_201' title='bbox 2755 3525 2830 3590; x_wconf 93' lang='lat' dir='ltr'>et</span> <span class='ocrx_word' id='word_1_202' title='bbox 2897 3537 3166 3612; x_wconf 89' lang='lat' dir='ltr'>magno</span> 
     </span>
     <span class='ocr_line' id='line_1_27' title="bbox 823 3634 3165 3730; baseline 0.001 -25"><span class='ocrx_word' id='word_1_203' title='bbox 823 3653 1181 3706; x_wconf 87' lang='lat' dir='ltr'>consensu</span> <span class='ocrx_word' id='word_1_204' title='bbox 1234 3635 1452 3707; x_wconf 91' lang='lat' dir='ltr'>totius</span> <span class='ocrx_word' id='word_1_205' title='bbox 1490 3636 1968 3709; x_wconf 91' lang='lat' dir='ltr'>multitudinis</span> <span class='ocrx_word' id='word_1_206' title='bbox 2007 3636 2238 3708; x_wconf 85' lang='lat' dir='ltr'>sactus</span> <span class='ocrx_word' id='word_1_207' title='bbox 2273 3642 2384 3709; x_wconf 92' lang='lat' dir='ltr'>est</span> <span class='ocrx_word' id='word_1_208' title='bbox 2419 3656 2551 3709; x_wconf 84' lang='lat' dir='ltr'>rex</span> <span class='ocrx_word' id='word_1_209' title='bbox 2586 3636 2660 3709; x_wconf 92' lang='lat' dir='ltr'>in</span> <span class='ocrx_word' id='word_1_210' title='bbox 2701 3635 2939 3709; x_wconf 89' lang='lat' dir='ltr'>Sicilia</span> <span class='ocrx_word' id='word_1_211' title='bbox 2972 3634 3165 3730; x_wconf 90' lang='lat' dir='ltr'>apud</span> 
     </span>
     <span class='ocr_line' id='line_1_28' title="bbox 822 3739 3167 3847; baseline 0.001 -19"><span class='ocrx_word' id='word_1_212' title='bbox 822 3755 1139 3828; x_wconf 89' lang='lat' dir='ltr'>Montem</span> <span class='ocrx_word' id='word_1_213' title='bbox 1193 3755 1516 3847; x_wconf 90' lang='lat' dir='ltr'>Realem,</span> <span class='ocrx_word' id='word_1_214' title='bbox 1562 3776 1756 3829; x_wconf 90' lang='lat' dir='ltr'>anno</span> <span class='ocrx_word' id='word_1_215' title='bbox 1787 3748 1861 3847; x_wconf 77' lang='lat'>(²)</span> <span class='ocrx_word' id='word_1_216' title='bbox 1919 3755 2179 3830; x_wconf 89' lang='lat' dir='ltr'>Christi</span> <span class='ocrx_word' id='word_1_217' title='bbox 2234 3739 2620 3829; x_wconf 86' lang='lat' dir='ltr'>millesimo</span> <span class='ocrx_word' id='word_1_218' title='bbox 2664 3754 3167 3830; x_wconf 91' lang='lat' dir='ltr'>ducentesimo</span> 
     </span>
     <span class='ocr_line' id='line_1_29' title="bbox 824 3874 3164 3972; baseline -0 -24"><span class='ocrx_word' id='word_1_219' title='bbox 824 3875 1432 3972; x_wconf 87' lang='lat' dir='ltr'>quinquagesimo</span> <span class='ocrx_word' id='word_1_220' title='bbox 1469 3874 1740 3969; x_wconf 89' lang='lat' dir='ltr'>quinto.</span> <span class='ocrx_word' id='word_1_221' title='bbox 1771 3874 1943 3948; x_wconf 91' lang='lat' dir='ltr'>Post</span> <span class='ocrx_word' id='word_1_222' title='bbox 1979 3882 2292 3948; x_wconf 89' lang='lat' dir='ltr'>mortem</span> <span class='ocrx_word' id='word_1_223' title='bbox 2332 3875 2725 3949; x_wconf 93' lang='lat' dir='ltr'>Innocentii</span> <span class='ocrx_word' id='word_1_224' title='bbox 2763 3882 2838 3949; x_wconf 94' lang='lat' dir='ltr'>et</span> <span class='ocrx_word' id='word_1_225' title='bbox 2872 3876 3164 3972; x_wconf 86' lang='lat' dir='ltr'>longam</span> 
     </span>
     <span class='ocr_line' id='line_1_30' title="bbox 822 3995 3165 4092; baseline 0 -23"><span class='ocrx_word' id='word_1_226' title='bbox 822 3996 1277 4070; x_wconf 85' lang='lat' dir='ltr'>vacationem</span> <span class='ocrx_word' id='word_1_227' title='bbox 1332 3997 1607 4070; x_wconf 92' lang='lat' dir='ltr'>electus</span> <span class='ocrx_word' id='word_1_228' title='bbox 1660 4001 1769 4069; x_wconf 91' lang='lat' dir='ltr'>est</span> <span class='ocrx_word' id='word_1_229' title='bbox 1833 4016 2018 4090; x_wconf 92' lang='lat' dir='ltr'>papa</span> <span class='ocrx_word' id='word_1_230' title='bbox 2080 3995 2491 4069; x_wconf 81' lang='lat' dir='ltr'>Alexander</span> <span class='ocrx_word' id='word_1_231' title='bbox 2526 3996 2615 4068; x_wconf 88' lang='lat' dir='ltr'>IV</span> <span class='ocrx_word' id='word_1_232' title='bbox 2667 3996 2759 4070; x_wconf 90' lang='lat' dir='ltr'>de</span> <span class='ocrx_word' id='word_1_233' title='bbox 2816 3996 3165 4092; x_wconf 81' lang='lat' dir='ltr'>Anagnia,</span> 
     </span>
     <span class='ocr_line' id='line_1_31' title="bbox 821 4115 3166 4213; baseline 0 -25"><span class='ocrx_word' id='word_1_234' title='bbox 821 4116 947 4209; x_wconf 92' lang='lat' dir='ltr'>qui</span> <span class='ocrx_word' id='word_1_235' title='bbox 995 4116 1179 4189; x_wconf 89' lang='lat' dir='ltr'>sedit</span> <span class='ocrx_word' id='word_1_236' title='bbox 1228 4115 1436 4190; x_wconf 91' lang='lat' dir='ltr'>annis</span> <span class='ocrx_word' id='word_1_237' title='bbox 1471 4121 1775 4209; x_wconf 91' lang='lat' dir='ltr'>septem.</span> <span class='ocrx_word' id='word_1_238' title='bbox 1815 4116 1903 4188; x_wconf 93' lang='lat' dir='ltr'>Et</span> <span class='ocrx_word' id='word_1_239' title='bbox 1938 4115 2190 4188; x_wconf 87' lang='lat' dir='ltr'>videns</span> <span class='ocrx_word' id='word_1_240' title='bbox 2232 4115 2684 4190; x_wconf 83' lang='lat' dir='ltr'>Mansredum</span> <span class='ocrx_word' id='word_1_241' title='bbox 2734 4116 2942 4213; x_wconf 90' lang='lat' dir='ltr'>regni</span> <span class='ocrx_word' id='word_1_242' title='bbox 2985 4115 3166 4190; x_wconf 91' lang='lat' dir='ltr'>solio</span> 
     </span>
     <span class='ocr_line' id='line_1_32' title="bbox 816 4234 3163 4329; baseline 0 -21"><span class='ocrx_word' id='word_1_243' title='bbox 816 4236 1199 4309; x_wconf 86' lang='lat' dir='ltr'>florentem</span> <span class='ocrx_word' id='word_1_244' title='bbox 1264 4235 1545 4328; x_wconf 87' lang='lat' dir='ltr'>absque</span> <span class='ocrx_word' id='word_1_245' title='bbox 1605 4235 2005 4309; x_wconf 87' lang='lat' dir='ltr'>autoritate</span> <span class='ocrx_word' id='word_1_246' title='bbox 2054 4234 2448 4329; x_wconf 88' lang='lat' dir='ltr'>apostolica</span> <span class='ocrx_word' id='word_1_247' title='bbox 2490 4235 3163 4310; x_wconf 86' lang='lat' dir='ltr'>excommunicavit</span> 
     </span>
     <span class='ocr_line' id='line_1_33' title="bbox 820 4355 3159 4452; baseline -0.001 -23"><span class='ocrx_word' id='word_1_248' title='bbox 820 4375 995 4429; x_wconf 92' lang='lat' dir='ltr'>eum</span> <span class='ocrx_word' id='word_1_249' title='bbox 1038 4363 1584 4448; x_wconf 85' lang='lat' dir='ltr'>contumacem3</span> <span class='ocrx_word' id='word_1_250' title='bbox 1650 4361 1907 4429; x_wconf 88' lang='lat' dir='ltr'>contra</span> <span class='ocrx_word' id='word_1_251' title='bbox 1970 4375 2194 4448; x_wconf 90' lang='lat' dir='ltr'>quem</span> <span class='ocrx_word' id='word_1_252' title='bbox 2258 4355 2453 4428; x_wconf 91' lang='lat' dir='ltr'>misit</span> <span class='ocrx_word' id='word_1_253' title='bbox 2522 4376 2755 4429; x_wconf 91' lang='lat' dir='ltr'>unum</span> <span class='ocrx_word' id='word_1_254' title='bbox 2809 4357 3159 4452; x_wconf 89' lang='lat' dir='ltr'>legatum,</span> 
     </span>
    </p>
   </div>
   <div class='ocr_carea' id='block_1_3' title="bbox 947 4620 3009 4685">
    <p class='ocr_par' dir='ltr' id='par_1_3' title="bbox 947 4620 3009 4685">
     <span class='ocr_line' id='line_1_34' title="bbox 947 4620 3009 4685; baseline -0.001 -13"><span class='ocrx_word' id='word_1_255' title='bbox 947 4620 1003 4685; x_wconf 89' lang='lat'>(¹)</span> <span class='ocrx_word' id='word_1_256' title='bbox 1035 4622 1085 4673; x_wconf 91' lang='lat' dir='ltr'>S.</span> <span class='ocrx_word' id='word_1_257' title='bbox 1118 4635 1149 4672; x_wconf 81' lang='lat' dir='ltr'>e</span> <span class='ocrx_word' id='word_1_258' title='bbox 1181 4622 1241 4673; x_wconf 84' lang='lat' dir='ltr'>E.</span> <span class='ocrx_word' id='word_1_259' title='bbox 1274 4622 1608 4674; x_wconf 79' lang='lat' dir='ltr'>Conradinus.</span> <span class='ocrx_word' id='word_1_260' title='bbox 1862 4621 1917 4684; x_wconf 82' lang='lat'>(⁸)</span> <span class='ocrx_word' id='word_1_261' title='bbox 1949 4621 2011 4671; x_wconf 86' lang='lat' dir='ltr'>E.</span> <span class='ocrx_word' id='word_1_262' title='bbox 2044 4634 2180 4673; x_wconf 82' lang='lat' dir='ltr'>anno</span> <span class='ocrx_word' id='word_1_263' title='bbox 2214 4621 2421 4672; x_wconf 87' lang='lat' dir='ltr'>Domini</span> <span class='ocrx_word' id='word_1_264' title='bbox 2452 4622 2615 4673; x_wconf 76' lang='lat' dir='ltr'>nostri</span> <span class='ocrx_word' id='word_1_265' title='bbox 2648 4622 2774 4671; x_wconf 83' lang='lat' dir='ltr'>Jesu</span> <span class='ocrx_word' id='word_1_266' title='bbox 2804 4620 3009 4670; x_wconf 81' lang='lat' dir='ltr'>Christi.</span> 
     </span>
    </p>
   </div>
  </div>
 </body>
</html>
