3704 5559
1335 506 1612 560 CANTUS
1663 507 1987 561 'rum-ms.
2739 494 2832 559 97

490 653 617 747 qui
667 652 1159 749 principaliter
1194 652 1525 727 imitatur
1554 646 1626 745 (⁴)
1665 653 2070 749 Virgilium.
2110 652 2277 726 ldeo
2315 652 2554 727 statim
2596 652 2837 726 subdit

485 774 683 867 quod
714 773 1040 868 prudens
1072 772 1417 869 Virgilius
1444 774 1688 867 paruit
1716 774 1883 867 sibi,
1921 773 2117 846 unde
2144 771 2351 845 dicit:
2387 776 2839 863 quardommi

489 897 748 982 allora,
799 892 1068 966 scilicet
1139 892 1255 966 ille
1320 893 1686 989 Virgilius,
1740 892 1949 987 quasi
2020 892 2314 966 dicens:
2379 893 2566 967 bene
2635 893 2836 986 dicis,

488 1014 608 1109 fili,
644 1037 681 1086 e
718 1017 988 1106 ris-pose
1022 1034 1154 1086 con
1188 1014 1402 1085 libero
1426 1016 1676 1105 piqlio,
1713 1014 1917 1107 idest,
1956 1033 2127 1086 cum
2173 1014 2335 1087 laeta
2372 1013 2575 1108 facie,
2622 1013 2828 1108 quasi

488 1134 925 1233 gratulando
977 1133 1273 1208 consilio
1327 1134 1519 1227 eius3
1575 1154 1754 1230 ergo
1805 1134 2167 1228 alacriter,
2222 1136 2559 1207 andiamo
2609 1137 2683 1205 in
2733 1123 2833 1223 ἰὰ,

489 1254 756 1329 scilicet
806 1273 1064 1329 versus
1114 1273 1262 1347 eOS,
1318 1254 1490 1346 quia
1541 1260 1711 1327 sunt
1763 1255 2082 1327 multum
2128 1275 2172 1327 a
2213 1254 2452 1349 longe,
2497 1257 2682 1327 ch’ei
2716 1275 2833 1325 ve-

487 1394 679 1466 ynon
733 1376 986 1466 piano,
1048 1372 1219 1466 quia
1285 1373 1586 1446 fuerunt
1636 1373 1808 1447 lenti
1869 1373 1942 1445 in
2008 1373 2190 1467 vita,
2245 1394 2375 1468 per
2427 1376 2565 1448 hoc
2628 1379 2833 1448 notat

489 1494 686 1589 quod
736 1493 915 1568 tales
965 1500 1134 1566 sunt
1185 1493 1674 1587 praeveniendi
1728 1499 1801 1566 et
1852 1494 2280 1567 exhortandi
2319 1494 2409 1567 ad
2448 1494 2640 1567 viam
2680 1494 2831 1565 vir-

487 1616 684 1709 tutis,
739 1635 961 1711 quam
1017 1615 1075 1687 si
1129 1621 1498 1688 noverunt
1548 1635 1693 1688 non
1744 1619 1994 1687 tamen
2046 1620 2463 1687 tenuerunt.
2518 1614 2604 1685 Et
2658 1612 2832 1706 quia

490 1742 876 1830 receperat
908 1734 1289 1809 consilium
1330 1735 1424 1808 ab
1459 1754 1569 1827 ec,
1610 1734 1841 1808 reddit
1880 1733 2011 1806 sibi
2050 1734 2307 1825 vicem,
2351 1733 2644 1807 dicens:
2683 1754 2720 1804 e
2762 1738 2831 1804 tu

483 1860 721 1951 ferma
769 1857 843 1928 la
891 1876 1144 1947 sperne,
1197 1857 1391 1927 dolce
1435 1857 1651 1946 fiylio,
1691 1854 1885 1947 quia,
1922 1853 2211 1945 scilicet,
2266 1852 2568 1926 feliciter
2625 1852 2831 1925 inve-

485 1978 643 2053 nies
694 1976 915 2070 viam,
969 1976 1143 2070 quia
1195 1976 1394 2049 vadis
1430 1975 1776 2049 velociter
1812 1981 1888 2048 et
1927 1974 2039 2046 isti
2076 1974 2303 2066 tarde,
2343 1972 2552 2067 quasi
2588 1972 2825 2045 dicat:

486 2099 658 2194 quia
711 2097 964 2172 venisti
1018 2097 1230 2170 citius
1279 2096 1372 2170 ad
1424 2092 1978 2169 conversionem
2037 2114 2260 2187 quam
2305 2093 2418 2165 isti
2471 2090 2666 2183 lenti,
2705 2089 2831 2184 qui

487 2239 635 2293 non
670 2224 1038 2292 venerunt
1089 2217 1220 2289 nisi
1274 2216 1346 2288 in
1393 2221 1663 2307 morte,
1701 2214 1863 2287 ideo
1897 2219 2102 2307 potes
2143 2213 2332 2286 bene
2367 2230 2667 2305 sperare
2704 2208 2829 2302 qui

483 2339 712 2413 habes
746 2344 948 2412 tanto
983 2339 1147 2432 plus
1178 2337 1434 2433 gratiae
1468 2357 1512 2409 a
1548 2337 1721 2409 Deo.
1752 2374 1851 2387 —-
1875 2341 2134 2407 Ancor.
2172 2333 2301 2406 Hic
2336 2340 2551 2427 poeta
2585 2339 2830 2405 osten-

483 2457 586 2533 dit
632 2468 882 2534 actum
945 2458 1236 2532 illarum
1296 2457 1738 2548 animarum,
1801 2460 1874 2527 et
1942 2454 2264 2527 breviter
2334 2453 2491 2525 vult
2559 2451 2825 2545 dicere,

484 2579 682 2675 quod
714 2599 885 2653 cum
922 2578 1264 2672 Virgilius
1314 2586 1388 2652 et
1422 2578 1573 2672 ipse
1598 2578 1754 2671 jam
1797 2566 2092 2648 ivissent
2126 2573 2460 2646 celeriter
2494 2592 2626 2665 per
2661 2592 2827 2665 spa-

484 2700 669 2774 tium
724 2699 942 2773 unius
993 2698 1339 2793 milliariS,
1378 2704 1451 2771 et
1491 2695 2159 2792 appropinquarent
2211 2692 2344 2765 illis
2383 2713 2514 2787 per
2540 2692 2825 2786 jactum

481 2821 703 2895 unius
752 2819 1024 2914 lapidis,
1063 2819 1158 2892 illi
1202 2819 1527 2893 videntes
1577 2816 1750 2888 istos
1784 2814 1969 2887 duos
2010 2812 2266 2887 venire
2308 2818 2456 2883 tam
2501 2809 2823 2902 sollicite,

479 2942 1004 3017 dubitaverunt
1053 2939 1207 3034 sibi,
1263 2946 1336 3012 et
1385 2938 1854 3012 adhaeserunt
1906 2933 2135 3007 monti
2186 2936 2654 3026 expectantes
2693 2929 2826 3002 ad-

480 3067 785 3139 ventum
842 3060 969 3135 rei.
1025 3059 1211 3134 Dicit
1251 3080 1464 3155 ergo:
1510 3061 1667 3148 quel
1690 3058 1977 3148 popolo,
2021 3054 2223 3146 idest,
2260 3052 2378 3125 illa
2421 3050 2640 3124 turba
2683 3070 2824 3122 nu-

478 3202 796 3276 merosa,
833 3202 963 3254 era
995 3200 1219 3254 ancor
1253 3182 1329 3252 di
1360 3182 1675 3267 lontano,
1713 3176 1918 3268 idest,
1960 3175 2177 3269 longe
2218 3193 2262 3246 a
2298 3171 2526 3264 nobiS,
2565 3176 2825 3261 quanto

477 3322 575 3377 tm
606 3302 789 3375 buon
819 3303 1107 3393 qittator
1141 3301 1418 3373 trarria
1452 3318 1582 3369 con
1619 3317 1877 3388 mano,·
1914 3294 2010 3367 ita
2048 3292 2246 3387 quod
2281 3294 2621 3385 poterant
2653 3287 2825 3362 satis

480 3444 616 3499 nos
655 3423 930 3516 videre,
964 3424 1147 3512 dico,
1189 3424 1375 3512 dopo
1408 3423 1436 3492 i
1476 3421 1702 3491 nostri
1733 3419 1916 3489 mille
1941 3417 2166 3507 passi,
2203 3413 2406 3504 idest,
2437 3415 2823 3505 postquam

479 3546 857 3621 iveramus
905 3563 1037 3637 per
1081 3561 1312 3614 unum
1354 3539 1660 3612 milliare
1698 3537 1908 3611 valde
1961 3535 2127 3628 cito,
2163 3535 2448 3623 quando
2498 3533 2560 3602 si
2605 3531 2822 3601 strin-

476 3687 593 3740 εει·
643 3666 791 3738 mli
836 3666 912 3736 ai
967 3665 1133 3736 duri
1186 3663 1425 3750 massi,
1461 3659 1641 3732 idest
1700 3657 1914 3750 saxiS,
1952 3658 2037 3728 de
2095 3657 2303 3726 l’alta
2360 3655 2550 3743 ripa,
2613 3649 2818 3742 idest,

478 3785 557 3859 in
604 3783 914 3860 confinio
964 3782 1255 3876 montiS,
1306 3804 1344 3854 e
1408 3787 1635 3853 sle-tter
1680 3780 1893 3872 sormi
1940 3797 1976 3847 e
2022 3778 2264 3863 strati,
2331 3771 2455 3845 ubi
2486 3762 2559 3862 (²)
2617 3770 2821 3864 prius

478 3905 954 3984 ambulabant
1002 3901 1392 4000 disgregati
1444 3901 1638 3974 lente
1688 3905 1761 3972 et
1811 3896 2067 3992 plane3
2121 3898 2194 3966 et
2238 3910 2412 3965 ecce
2447 3888 2820 3983 quomodo

479 4034 557 4105 et
605 4046 870 4123 quare:
912 4045 1102 4098 come
1150 4026 1257 4096 clei
1306 4043 1399 4095 va
1447 4023 1654 4093 stassi
1703 4039 1750 4089 a
1798 4017 2126 4107 quardar
2173 4012 2595 4100 άαὸῠῐαηάο,
2633 4009 2822 4083 sicut

477 4145 828 4242 contingit
876 4164 1070 4240 saepe
1119 4141 1317 4237 quod
1370 4140 1615 4234 aliqua
1668 4157 1848 4233 gens
1881 4125 1956 4227 (³)
2011 4152 2279 4228 magna
2342 4129 2657 4203 militans
2708 4129 2822 4202 in-

474 4265 597 4342 via
643 4265 719 4340 in
769 4263 1047 4338 mundo
1096 4262 1255 4357 ist0,
1308 4260 1366 4334 si
1394 4249 1467 4351 (⁴)
1525 4256 1770 4334 vident
1831 4276 1878 4329 a
1945 4275 2114 4328 casu
2180 4250 2465 4345 aliquos
2527 4249 2823 4322 nuntios

475 4387 596 4464 vel
661 4405 1004 4462 cursores
1069 4383 1326 4458 venire
1388 4400 1563 4454 cum
1630 4375 2041 4452 festinantia
2115 4393 2373 4447 versus
2434 4392 2514 4446 se
2578 4371 2822 4447 statim

518 4571 533 4596 ‘⁸
599 4571 658 4638 (¹)
687 4572 751 4625 B·
783 4571 1100 4623 imitabatur.
1653 4562 1707 4625 (¹)
1745 4566 1852 4622 11⁷,
1886 4560 1976 4612 ubi
2009 4561 2195 4623 primo.

598 4647 655 4714 θ)
682 4647 747 4700 Β.
778 4661 904 4713 gom
934 4639 1162 4699 humana
1191 4658 1397 4710 magua.
1657 4640 1713 4703 (⁸)
1749 4643 1855 4699 11⁷,
1890 4638 1932 4688 si
1965 4636 2154 4689 viderit
2184 4649 2213 4686 a
2247 4648 2385 4685 casu.

739 4756 821 4800 111.
2530 4743 2553 4785 7
