3704 5559
1367 502 1641 560 CAN'rus
1691 505 2032 561 oc'rAvUS.
2729 493 2870 560 233

530 653 620 727 de
672 652 809 725 isto
860 649 1158 724 animali
1208 650 1480 724 Plinius
1530 658 1603 725 et
1657 651 1868 725 multi
1919 652 2168 725 dicunt
2218 652 2416 745 quod
2469 652 2710 727 exitus
2746 672 2875 723 su-

530 771 959 868 perfluitatis
1010 778 1120 846 est
1171 771 1358 845 sicut
1408 778 1676 866 puncta
1728 793 1927 866 acuS,
1980 772 2143 846 ideo
2205 794 2351 846 non
2415 780 2651 868 potest
2702 793 2877 847 con-

531 893 775 988 cipere
827 912 964 966 nec
1015 911 1281 986 parere
1330 891 1516 965 sicut
1566 891 1707 964 alia
1759 891 2148 985 animalia3
2201 891 2398 985 quod
2464 898 2700 966 totum
2752 890 2876 964 Al-

533 1013 787 1088 bertus
839 1033 1150 1108 magnus
1203 1017 1494 1106 reputat
1546 1011 1830 1105 falsum,
1877 1017 1952 1085 et
1991 1011 2161 1085 dicit
2212 1012 2408 1105 quod
2463 1031 2871 1105 numquam

537 1140 800 1207 natura
849 1132 1044 1207 dedit
1094 1139 1370 1226 actum,
1421 1131 1632 1205 cuius
1686 1153 1830 1205 non
1881 1133 2091 1205 daret
2149 1132 2561 1205 naturalem
2617 1137 2877 1225 poten-

536 1253 710 1327 tiam
764 1261 838 1327 et
887 1254 1346 1347 facultatem,
1385 1252 1548 1327 ideo
1599 1253 1789 1346 dicit,
1843 1251 2040 1345 quod
2091 1251 2336 1325 omnia
2388 1271 2664 1347 genera
2717 1271 2876 1325 ser-

535 1381 835 1469 pentum
890 1373 1448 1467 concipientium
1502 1372 1741 1468 primo
1793 1393 1955 1466 ova,
2006 1379 2080 1446 et
2131 1379 2380 1466 postea
2432 1371 2872 1465 parientium

535 1494 804 1568 animal
832 1486 905 1585 (¹)
962 1501 1258 1588 propter
1309 1492 1492 1566 duas
1543 1494 1656 1565 sui
1725 1492 1917 1566 uteri
1982 1491 2480 1585 dispositiones
2530 1490 2874 1564 dicuntur

534 1614 827 1710 viperae,
862 1614 1069 1707 quasi
1107 1614 1176 1687 vi
1214 1613 1602 1686 intrinseca
1640 1612 2022 1706 parientes
2063 1610 2167 1684 Ad
2204 1611 2654 1706 propositum
2691 1597 2878 1706 ergo

532 1736 796 1810 domus
846 1733 1359 1808 vicecomitum
1413 1733 1506 1807 de
1569 1732 1970 1806 Mediolano
2038 1737 2278 1825 portat
2343 1713 2671 1824 viperam
2738 1749 2875 1824 pro

535 1862 941 1949 armatura,
995 1875 1162 1949 quae
1213 1860 1411 1929 tenet
1463 1854 1901 1927 infantulum
1969 1858 2202 1925 totum
2257 1850 2745 1946 sanguineum
2802 1849 2875 1922 in

534 1996 686 2069 ore,
740 1997 964 2070 quem
1019 1996 1214 2050 nunc
1245 1967 1318 2067 (²)
1368 1974 1699 2070 deglutit,
1752 1994 1949 2047 nunc
2006 1971 2302 2065 evomit,
2364 1971 2490 2045 sed
2552 1976 2752 2045 tenet
2801 1970 2874 2043 in

534 2099 881 2173 continuo
932 2096 1285 2172 cruciatu.
1341 2096 1512 2168 Vult
1563 2115 1743 2190 ergo
1778 2094 2024 2168 dicere
2059 2094 2309 2186 NinuS,
2349 2092 2544 2186 quod
2578 2089 2872 2165 Beatrix

536 2221 697 2315 plus
747 2225 938 2293 esset
988 2219 1342 2291 honorata
1394 2217 1611 2312 gal10,
1665 2222 2044 2288 armatura
2087 2214 2301 2308 primi
2354 2213 2515 2307 viri,
2563 2232 2703 2287 ave
2743 2211 2876 2287 do-

536 2339 859 2432 mestica,
913 2358 1137 2432 quam
1189 2337 1464 2431 vipera,
1516 2343 1899 2410 armatura
1960 2333 2257 2409 secundi
2325 2332 2484 2426 viri,
2537 2339 2877 2427 serpente

536 2458 804 2553 feroci3
856 2459 981 2551 qui
1033 2458 1268 2554 gallus
1320 2455 1752 2530 naturaliter
1802 2454 2218 2528 inimicatur
2268 2453 2607 2547 serpenti.
2663 2453 2873 2527 Circa

536 2578 857 2654 secundu
870 2599 966 2672 m,
997 2577 1328 2651 videlicet
1361 2577 1555 2651 circa
1583 2580 1953 2670 potentem
1981 2573 2287 2646 domum
2324 2578 2435 2645 est
2468 2572 2870 2666 sciendum,

537 2698 734 2794 'quod
785 2699 1067 2795 primus
1116 2702 1497 2792 promotor
1556 2696 1820 2768 domus
1886 2692 2398 2767 vicecomitum
2453 2691 2586 2764 fuit
2636 2691 2876 2765 cardi-

538 2822 718 2897 nalis
766 2820 1205 2897 Octavianus
1241 2819 1332 2893 de
1373 2816 1757 2910 UbaldiniS,
1795 2816 1922 2909 qui
1960 2814 2128 2888 fecit
2163 2813 2320 2887 fieri
2364 2812 2726 2886 Othonem
2764 2812 2875 2885 vi-

493 3002 496 3011 .
536 2942 965 3018 cecomitem
1018 2939 1474 3033 capellanum
1513 2957 1755 3027 suum,
1793 2934 2419 3029 archiepiscopum
2461 2931 2875 3025 Mediolani3

538 3062 662 3157 qui
725 3061 835 3135 vir
893 3059 1382 3133 astutissimus
1444 3057 1728 3153 rogavit
1787 3054 2160 3148 eumdem,
2230 3059 2313 3126 ut
2379 3053 2654 3127 faceret
2716 3050 2877 3125 fieri

535 3181 1053 3279 Raymundum
1106 3179 1198 3254 de
1247 3181 1317 3253 la
1369 3180 1606 3252 Turre
1657 3176 2145 3272 patriarcham
2209 3173 2583 3267 Aquileiae,
2644 3179 2727 3245 ut
2778 3171 2878 3246 illi

536 3302 629 3378 de
677 3302 898 3377 domo
948 3322 1082 3374 sua
1133 3304 1623 3393 sequerentur
1674 3317 1886 3371 eum:
1941 3303 2016 3370 et
2066 3294 2167 3369 sic
2217 3294 2493 3368 factum
2554 3298 2685 3367 est.
2738 3293 2879 3381 Qui

537 3422 1017 3520 Raymundus
1066 3420 1301 3495 tenuit
1352 3417 1924 3513 patriarchatum
1959 3405 2031 3507 (³)
2071 3414 2320 3510 viginti
2359 3433 2486 3488 sex
2523 3412 2731 3487 annis
2745 3436 2764 3506 ;
2804 3420 2880 3487 et

540 3543 673 3617 fuit
722 3543 949 3617 frater
997 3539 1271 3615 domini
1323 3537 1728 3630 Alemanni,
1770 3536 1897 3630 qui
1946 3535 2228 3630 primus
2273 3534 2404 3607 suit
2456 3532 2879 3627 capitaneus

529 3662 934 3738 Mediolani.
988 3661 1219 3759 Igitur
1268 3677 1463 3733 anno
1511 3656 1800 3730 Domini
1849 3655 2311 3729 MCCLXXVI
2362 3654 2681 3747 expulsis
2743 3653 2878 3726 do-

540 3782 753 3856 minis
799 3783 892 3858 de
942 3784 1011 3857 la
1064 3783 1300 3855 Turre
1349 3780 1441 3854 de
1491 3777 1916 3869 Mediolano,
1953 3775 2077 3869 qui
2118 3775 2241 3847 diu
2288 3775 2581 3847 fuerant
2620 3778 2882 3867 poten-

538 3903 815 3999 tissimi,
835 3905 1021 3978 Otho
1048 3923 1219 3978 cum
1249 3901 1399 3975 suis
1424 3897 1719 3973 intravit
1753 3895 2237 3971 Mediolanum
2276 3915 2449 3968 cum
2483 3894 2620 3967 isto
2657 3891 2878 3967 modo

538 4031 610 4101 et
656 4032 892 4120 pact0,
945 4024 1141 4136 quod
1192 4024 1443 4119 plures
1493 4039 1587 4094 ex
1625 4015 2100 4092 nobilioribus
2134 4013 2472 4087 domibus
2512 4013 2876 4109 eligeren-

536 4152 661 4220 tur
708 4144 1085 4240 capitanei,
1122 4142 1246 4239 qui
1291 4145 1635 4238 regerent
1676 4137 2043 4213 civitatem
2080 4132 2513 4227 successive,
2551 4152 2875 4227 quorum

537 4267 818 4365 primus
867 4264 1002 4339 fuit
1050 4263 1389 4339 dominus
1439 4260 1764 4335 Mass'aeus
1815 4257 2225 4332 vicecomes
2276 4273 2503 4348 nepos
2553 4253 2737 4348 eius,
2781 4253 2880 4327 ob

662 4498 719 4561 (¹)
754 4502 860 4556 117,
895 4496 1149 4545 animalia.

662 4575 718 4640 (¹)
749 4576 811 4625 E.
843 4588 998 4639 quem
1031 4587 1126 4624 nec
1159 4572 1380 4637 deglutit
1410 4584 1507 4621 nec
1537 4568 1748 4630 evomit,
1781 4569 1872 4618 sed
1903 4571 2044 4618 tenet
2075 4578 2197 4616 eum
2230 4566 2283 4615 in
2316 4563 2578 4615 continuo.

666 4652 720 4715 (⁸)
754 4656 861 4711 117,
896 4651 1298 4713 patriarchatum
1332 4647 1606 4712 Aquileiae.
