<?xml version="1.0" encoding="UTF-8"?>
<!DOCTYPE html PUBLIC "-//W3C//DTD XHTML 1.0 Transitional//EN"
    "http://www.w3.org/TR/xhtml1/DTD/xhtml1-transitional.dtd">
<html xmlns="http://www.w3.org/1999/xhtml" xml:lang="en" lang="en">
 <head>
  <title>
</title>
<meta http-equiv="Content-Type" content="text/html;charset=utf-8" />
  <meta name='ocr-system' content='tesseract 3.04.00' />
  <meta name='ocr-capabilities' content='ocr_page ocr_carea ocr_par ocr_line ocrx_word'/>
</head>
<body>
  <div class='ocr_page' id='page_1' title='image "benvenutideramb00lacagoog_0107.png"; bbox 0 0 3704 5559; ppageno 0'>
   <div class='ocr_carea' id='block_1_1' title="bbox 1279 486 2776 550">
    <p class='ocr_par' dir='ltr' id='par_1_1' title="bbox 1279 486 2776 550">
     <span class='ocr_line' id='line_1_1' title="bbox 1279 486 2776 550; baseline 0 0"><span class='ocrx_word' id='word_1_1' title='bbox 1279 496 1558 550; x_wconf 73' lang='lat' dir='ltr'><strong>CAN&#39;rus</strong></span> <span class='ocrx_word' id='word_1_2' title='bbox 1607 497 1931 550; x_wconf 76' lang='lat' dir='ltr'><strong>TERTIUS·</strong></span> <span class='ocrx_word' id='word_1_3' title='bbox 2684 486 2776 550; x_wconf 84' lang='lat'><strong>95</strong></span> 
     </span>
    </p>
   </div>
   <div class='ocr_carea' id='block_1_2' title="bbox 433 641 2780 980">
    <p class='ocr_par' dir='ltr' id='par_1_2' title="bbox 433 641 2780 980">
     <span class='ocr_line' id='line_1_2' title="bbox 435 641 2779 739; baseline 0 -22"><span class='ocrx_word' id='word_1_4' title='bbox 435 650 544 718; x_wconf 91' lang='lat' dir='ltr'><strong>est</strong></span> <span class='ocrx_word' id='word_1_5' title='bbox 592 663 931 717; x_wconf 80' lang='lat' dir='ltr'><strong>accessus</strong></span> <span class='ocrx_word' id='word_1_6' title='bbox 981 642 1074 716; x_wconf 96' lang='lat' dir='ltr'><strong>ad</strong></span> <span class='ocrx_word' id='word_1_7' title='bbox 1127 641 1473 717; x_wconf 89' lang='lat' dir='ltr'><strong>virtutem</strong></span> <span class='ocrx_word' id='word_1_8' title='bbox 1529 642 1601 715; x_wconf 95' lang='lat' dir='ltr'><strong>in</strong></span> <span class='ocrx_word' id='word_1_9' title='bbox 1652 641 2023 737; x_wconf 90' lang='lat' dir='ltr'><strong>principio.</strong></span> <span class='ocrx_word' id='word_1_10' title='bbox 2079 642 2187 715; x_wconf 90' lang='lat' dir='ltr'><strong>Ad</strong></span> <span class='ocrx_word' id='word_1_11' title='bbox 2222 641 2509 716; x_wconf 83' lang='lat' dir='ltr'><strong>literam</strong></span> <span class='ocrx_word' id='word_1_12' title='bbox 2563 663 2779 739; x_wconf 84' lang='lat' dir='ltr'><strong>erg03</strong></span> 
     </span>
     <span class='ocr_line' id='line_1_3' title="bbox 433 759 2778 858; baseline 0 -20"><span class='ocrx_word' id='word_1_13' title='bbox 433 762 597 839; x_wconf 90' lang='lat' dir='ltr'><strong>dicit</strong></span> <span class='ocrx_word' id='word_1_14' title='bbox 649 764 923 838; x_wconf 90' lang='lat' dir='ltr'><strong>Poeta:</strong></span> <span class='ocrx_word' id='word_1_15' title='bbox 977 767 1050 836; x_wconf 90' lang='lat' dir='ltr'><strong>la</strong></span> <span class='ocrx_word' id='word_1_16' title='bbox 1103 766 1216 835; x_wconf 83' lang='lat' dir='ltr'><strong>via</strong></span> <span class='ocrx_word' id='word_1_17' title='bbox 1255 759 1385 856; x_wconf 57' lang='lat' dir='ltr'><strong>piis</strong></span> <span class='ocrx_word' id='word_1_18' title='bbox 1436 767 1724 853; x_wconf 79' lang='lat' dir='ltr'><strong>diserta,</strong></span> <span class='ocrx_word' id='word_1_19' title='bbox 1761 767 1833 835; x_wconf 82' lang='lat' dir='ltr'><strong>la</strong></span> <span class='ocrx_word' id='word_1_20' title='bbox 1877 759 2000 855; x_wconf 70' lang='lat' dir='ltr'><strong>piic</strong></span> <span class='ocrx_word' id='word_1_21' title='bbox 2034 766 2318 854; x_wconf 80' lang='lat' dir='ltr'><strong>romita,</strong></span> <span class='ocrx_word' id='word_1_22' title='bbox 2372 764 2574 858; x_wconf 86' lang='lat' dir='ltr'><strong>idest,</strong></span> <span class='ocrx_word' id='word_1_23' title='bbox 2636 766 2778 839; x_wconf 89' lang='lat' dir='ltr'><strong>alta</strong></span> 
     </span>
     <span class='ocr_line' id='line_1_4' title="bbox 435 884 2780 980; baseline 0 -21"><span class='ocrx_word' id='word_1_24' title='bbox 435 891 508 960; x_wconf 91' lang='lat' dir='ltr'><strong>et</strong></span> <span class='ocrx_word' id='word_1_25' title='bbox 574 905 859 980; x_wconf 82' lang='lat' dir='ltr'><strong>aspera,</strong></span> <span class='ocrx_word' id='word_1_26' title='bbox 924 891 1040 957; x_wconf 86' lang='lat' dir='ltr'><strong>tra</strong></span> <span class='ocrx_word' id='word_1_27' title='bbox 1102 887 1338 957; x_wconf 57' lang='lat' dir='ltr'><strong>Larice</strong></span> <span class='ocrx_word' id='word_1_28' title='bbox 1403 908 1440 958; x_wconf 87' lang='lat' dir='ltr'><strong>e</strong></span> <span class='ocrx_word' id='word_1_29' title='bbox 1516 886 1801 975; x_wconf 76' lang='lat' dir='ltr'><strong>Turbia,</strong></span> <span class='ocrx_word' id='word_1_30' title='bbox 1869 884 2123 959; x_wconf 91' lang='lat' dir='ltr'><strong>Lerice</strong></span> <span class='ocrx_word' id='word_1_31' title='bbox 2182 892 2292 959; x_wconf 91' lang='lat' dir='ltr'><strong>est</strong></span> <span class='ocrx_word' id='word_1_32' title='bbox 2361 908 2507 960; x_wconf 94' lang='lat' dir='ltr'><strong>una</strong></span> <span class='ocrx_word' id='word_1_33' title='bbox 2582 892 2780 960; x_wconf 91' lang='lat' dir='ltr'><strong>terra</strong></span> 
     </span>
    </p>
   </div>
   <div class='ocr_carea' id='block_1_3' title="bbox 425 999 2782 1103">
    <p class='ocr_par' dir='ltr' id='par_1_3' title="bbox 425 999 2782 1103">
     <span class='ocr_line' id='line_1_5' title="bbox 425 999 2782 1103; baseline -0.001 -22"><span class='ocrx_word' id='word_1_34' title='bbox 425 1006 895 1103; x_wconf 79' lang='lat' dir='ltr'><strong>januensium</strong></span> <span class='ocrx_word' id='word_1_35' title='bbox 952 999 1025 1097; x_wconf 71' lang='lat'><strong>(¹)</strong></span> <span class='ocrx_word' id='word_1_36' title='bbox 1088 1005 1161 1078; x_wconf 98' lang='lat' dir='ltr'><strong>in</strong></span> <span class='ocrx_word' id='word_1_37' title='bbox 1222 1006 1488 1100; x_wconf 89' lang='lat' dir='ltr'><strong>riperia</strong></span> <span class='ocrx_word' id='word_1_38' title='bbox 1538 1027 1798 1080; x_wconf 91' lang='lat' dir='ltr'><strong>versus</strong></span> <span class='ocrx_word' id='word_1_39' title='bbox 1846 1006 2256 1080; x_wconf 87' lang='lat' dir='ltr'><strong>orientem:</strong></span> <span class='ocrx_word' id='word_1_40' title='bbox 2326 1006 2618 1100; x_wconf 87' lang='lat' dir='ltr'><strong>Turbia‚</strong></span> <span class='ocrx_word' id='word_1_41' title='bbox 2672 1012 2782 1080; x_wconf 91' lang='lat' dir='ltr'><strong>est</strong></span> 
     </span>
    </p>
   </div>
   <div class='ocr_carea' id='block_1_4' title="bbox 322 1116 2775 1200">
    <p class='ocr_par' dir='ltr' id='par_1_4' title="bbox 322 1116 2775 1200">
     <span class='ocr_line' id='line_1_6' title="bbox 322 1116 2775 1200; baseline 0 -1"><span class='ocrx_word' id='word_1_42' title='bbox 322 1116 355 1149; x_wconf 81' lang='grc'><strong>’</strong></span> <span class='ocrx_word' id='word_1_43' title='bbox 438 1147 668 1200; x_wconf 91' lang='lat' dir='ltr'><strong>unum</strong></span> <span class='ocrx_word' id='word_1_44' title='bbox 719 1125 1103 1200; x_wconf 89' lang='lat' dir='ltr'><strong>castellum</strong></span> <span class='ocrx_word' id='word_1_45' title='bbox 1166 1125 1644 1199; x_wconf 84' lang='lat' dir='ltr'><strong>fortissimum</strong></span> <span class='ocrx_word' id='word_1_46' title='bbox 1713 1126 1785 1198; x_wconf 93' lang='lat' dir='ltr'><strong>in</strong></span> <span class='ocrx_word' id='word_1_47' title='bbox 1850 1125 1995 1200; x_wconf 91' lang='lat' dir='ltr'><strong>fine</strong></span> <span class='ocrx_word' id='word_1_48' title='bbox 2058 1126 2279 1199; x_wconf 83' lang='lat' dir='ltr'><strong>Italiae</strong></span> <span class='ocrx_word' id='word_1_49' title='bbox 2339 1125 2415 1199; x_wconf 91' lang='lat' dir='ltr'><strong>in</strong></span> <span class='ocrx_word' id='word_1_50' title='bbox 2479 1126 2775 1199; x_wconf 91' lang='lat' dir='ltr'><strong>introitu</strong></span> 
     </span>
    </p>
   </div>
   <div class='ocr_carea' id='block_1_5' title="bbox 434 1245 2807 4346">
    <p class='ocr_par' dir='ltr' id='par_1_5' title="bbox 434 1245 2807 4346">
     <span class='ocr_line' id='line_1_7' title="bbox 434 1245 2807 1341; baseline -0 -22"><span class='ocrx_word' id='word_1_51' title='bbox 434 1246 829 1341; x_wconf 64' lang='lat' dir='ltr'><strong>provinciae</strong></span> <span class='ocrx_word' id='word_1_52' title='bbox 902 1266 1125 1340; x_wconf 91' lang='lat' dir='ltr'><strong>super</strong></span> <span class='ocrx_word' id='word_1_53' title='bbox 1201 1247 1646 1339; x_wconf 85' lang='lat' dir='ltr'><strong>Monacum3</strong></span> <span class='ocrx_word' id='word_1_54' title='bbox 1723 1265 1900 1319; x_wconf 90' lang='lat' dir='ltr'><strong>vere</strong></span> <span class='ocrx_word' id='word_1_55' title='bbox 1976 1245 2276 1339; x_wconf 87' lang='lat' dir='ltr'><strong>Turbia‚</strong></span> <span class='ocrx_word' id='word_1_56' title='bbox 2346 1246 2551 1339; x_wconf 91' lang='lat' dir='ltr'><strong>quasi</strong></span> <span class='ocrx_word' id='word_1_57' title='bbox 2622 1252 2807 1339; x_wconf 60' lang='lat' dir='ltr'><strong>tur-&gt;</strong></span> 
     </span>
     <span class='ocr_line' id='line_1_8' title="bbox 436 1365 2782 1459; baseline -0 -19"><span class='ocrx_word' id='word_1_58' title='bbox 436 1365 615 1440; x_wconf 91' lang='lat' dir='ltr'><strong>bans</strong></span> <span class='ocrx_word' id='word_1_59' title='bbox 665 1365 861 1439; x_wconf 92' lang='lat' dir='ltr'><strong>viam</strong></span> <span class='ocrx_word' id='word_1_60' title='bbox 916 1365 1328 1440; x_wconf 91' lang='lat' dir='ltr'><strong>volentibus</strong></span> <span class='ocrx_word' id='word_1_61' title='bbox 1380 1365 1657 1440; x_wconf 89' lang='lat' dir='ltr'><strong>intrare</strong></span> <span class='ocrx_word' id='word_1_62' title='bbox 1707 1365 1824 1439; x_wconf 93' lang='lat' dir='ltr'><strong>vel</strong></span> <span class='ocrx_word' id='word_1_63' title='bbox 1877 1365 2080 1439; x_wconf 87' lang='lat' dir='ltr'><strong>exire</strong></span> <span class='ocrx_word' id='word_1_64' title='bbox 2131 1365 2442 1459; x_wconf 83' lang='lat' dir='ltr'><strong>Italiam3</strong></span> <span class='ocrx_word' id='word_1_65' title='bbox 2488 1371 2560 1438; x_wconf 95' lang='lat' dir='ltr'><strong>et</strong></span> <span class='ocrx_word' id='word_1_66' title='bbox 2601 1385 2782 1439; x_wconf 89' lang='lat' dir='ltr'><strong>vere</strong></span> 
     </span>
     <span class='ocr_line' id='line_1_9' title="bbox 436 1484 2780 1580; baseline 0 -21"><span class='ocrx_word' id='word_1_67' title='bbox 436 1486 561 1579; x_wconf 92' lang='lat' dir='ltr'><strong>qui</strong></span> <span class='ocrx_word' id='word_1_68' title='bbox 612 1486 782 1560; x_wconf 83' lang='lat' dir='ltr'><strong>fecit</strong></span> <span class='ocrx_word' id='word_1_69' title='bbox 831 1486 963 1560; x_wconf 89' lang='lat' dir='ltr'><strong>ista</strong></span> <span class='ocrx_word' id='word_1_70' title='bbox 1018 1485 1278 1559; x_wconf 90' lang='lat' dir='ltr'><strong>itinera</strong></span> <span class='ocrx_word' id='word_1_71' title='bbox 1328 1486 1669 1580; x_wconf 90' lang='lat' dir='ltr'><strong>alpestria</strong></span> <span class='ocrx_word' id='word_1_72' title='bbox 1706 1484 1991 1579; x_wconf 85' lang='lat' dir='ltr'><strong>riperiae</strong></span> <span class='ocrx_word' id='word_1_73' title='bbox 2026 1485 2282 1558; x_wconf 84' lang='lat' dir='ltr'><strong>Januae</strong></span> <span class='ocrx_word' id='word_1_74' title='bbox 2314 1493 2550 1580; x_wconf 90' lang='lat' dir='ltr'><strong>potest</strong></span> <span class='ocrx_word' id='word_1_75' title='bbox 2592 1485 2780 1560; x_wconf 90' lang='lat' dir='ltr'><strong>ima-</strong></span> 
     </span>
     <span class='ocr_line' id='line_1_10' title="bbox 434 1605 2780 1703; baseline -0 -23"><span class='ocrx_word' id='word_1_76' title='bbox 434 1606 694 1702; x_wconf 87' lang='lat' dir='ltr'><strong>ginari,</strong></span> <span class='ocrx_word' id='word_1_77' title='bbox 749 1607 944 1703; x_wconf 94' lang='lat' dir='ltr'><strong>quod</strong></span> <span class='ocrx_word' id='word_1_78' title='bbox 999 1612 1213 1701; x_wconf 88' lang='lat' dir='ltr'><strong>poeta</strong></span> <span class='ocrx_word' id='word_1_79' title='bbox 1266 1627 1413 1680; x_wconf 95' lang='lat' dir='ltr'><strong>non</strong></span> <span class='ocrx_word' id='word_1_80' title='bbox 1463 1613 1752 1701; x_wconf 85' lang='lat' dir='ltr'><strong>poterat</strong></span> <span class='ocrx_word' id='word_1_81' title='bbox 1802 1606 2066 1679; x_wconf 91' lang='lat' dir='ltr'><strong>melius</strong></span> <span class='ocrx_word' id='word_1_82' title='bbox 2117 1605 2534 1700; x_wconf 86' lang='lat' dir='ltr'><strong>exprimere</strong></span> <span class='ocrx_word' id='word_1_83' title='bbox 2567 1625 2780 1700; x_wconf 90' lang='lat' dir='ltr'><strong>aspe-</strong></span> 
     </span>
     <span class='ocr_line' id='line_1_11' title="bbox 439 1724 2777 1821; baseline -0.002 -22"><span class='ocrx_word' id='word_1_84' title='bbox 439 1725 733 1800; x_wconf 81' lang='lat' dir='ltr'><strong>ritatem</strong></span> <span class='ocrx_word' id='word_1_85' title='bbox 783 1726 1118 1801; x_wconf 92' lang='lat' dir='ltr'><strong>locorum</strong></span> <span class='ocrx_word' id='word_1_86' title='bbox 1153 1747 1285 1821; x_wconf 91' lang='lat' dir='ltr'><strong>per</strong></span> <span class='ocrx_word' id='word_1_87' title='bbox 1322 1747 1490 1821; x_wconf 84' lang='lat' dir='ltr'><strong>quae</strong></span> <span class='ocrx_word' id='word_1_88' title='bbox 1531 1725 1899 1799; x_wconf 89' lang='lat' dir='ltr'><strong>habebant</strong></span> <span class='ocrx_word' id='word_1_89' title='bbox 1934 1725 2153 1799; x_wconf 92' lang='lat' dir='ltr'><strong>modo</strong></span> <span class='ocrx_word' id='word_1_90' title='bbox 2188 1726 2334 1819; x_wconf 83' lang='lat' dir='ltr'><strong>ire3</strong></span> <span class='ocrx_word' id='word_1_91' title='bbox 2381 1726 2543 1799; x_wconf 89' lang='lat' dir='ltr'><strong>ideo</strong></span> <span class='ocrx_word' id='word_1_92' title='bbox 2578 1724 2777 1798; x_wconf 90' lang='lat' dir='ltr'><strong>dicit:</strong></span> 
     </span>
     <span class='ocr_line' id='line_1_12' title="bbox 435 1843 2781 1939; baseline -0.001 -18"><span class='ocrx_word' id='word_1_93' title='bbox 435 1843 477 1921; x_wconf 72' lang='lat' dir='ltr'><strong>e*</strong></span> <span class='ocrx_word' id='word_1_94' title='bbox 549 1866 695 1920; x_wconf 78' lang='lat' dir='ltr'><strong>una</strong></span> <span class='ocrx_word' id='word_1_95' title='bbox 755 1851 952 1920; x_wconf 81' lang='lat' dir='ltr'><strong>scala</strong></span> <span class='ocrx_word' id='word_1_96' title='bbox 1013 1851 1298 1938; x_wconf 72' lang='lat' dir='ltr'><strong>ayevole</strong></span> <span class='ocrx_word' id='word_1_97' title='bbox 1364 1855 1429 1919; x_wconf 81' lang='lat' dir='ltr'><strong>et</strong></span> <span class='ocrx_word' id='word_1_98' title='bbox 1489 1852 1762 1938; x_wconf 78' lang='lat' dir='ltr'><strong>aperta,</strong></span> <span class='ocrx_word' id='word_1_99' title='bbox 1831 1845 2033 1939; x_wconf 86' lang='lat' dir='ltr'><strong>idest,</strong></span> <span class='ocrx_word' id='word_1_100' title='bbox 2113 1845 2335 1918; x_wconf 86' lang='lat' dir='ltr'><strong>facilis</strong></span> <span class='ocrx_word' id='word_1_101' title='bbox 2403 1852 2477 1919; x_wconf 87' lang='lat' dir='ltr'><strong>et</strong></span> <span class='ocrx_word' id='word_1_102' title='bbox 2546 1845 2781 1939; x_wconf 86' lang='lat' dir='ltr'><strong>plana,</strong></span> 
     </span>
     <span class='ocr_line' id='line_1_13' title="bbox 436 1956 2783 2061; baseline -0.001 -21"><span class='ocrx_word' id='word_1_103' title='bbox 436 1987 642 2040; x_wconf 81' lang='lat' dir='ltr'><strong>verso</strong></span> <span class='ocrx_word' id='word_1_104' title='bbox 690 1968 769 2040; x_wconf 83' lang='lat' dir='ltr'><strong>di</strong></span> <span class='ocrx_word' id='word_1_105' title='bbox 814 1970 1067 2060; x_wconf 80' lang='lat' dir='ltr'><strong>quella,</strong></span> <span class='ocrx_word' id='word_1_106' title='bbox 1120 1967 1323 2060; x_wconf 82' lang='lat' dir='ltr'><strong>idest,</strong></span> <span class='ocrx_word' id='word_1_107' title='bbox 1380 1973 1716 2061; x_wconf 90' lang='lat' dir='ltr'><strong>respectu</strong></span> <span class='ocrx_word' id='word_1_108' title='bbox 1757 1956 1826 2057; x_wconf 70' lang='lat'><strong>(²)</strong></span> <span class='ocrx_word' id='word_1_109' title='bbox 1883 1964 2071 2037; x_wconf 90' lang='lat' dir='ltr'><strong>illius</strong></span> <span class='ocrx_word' id='word_1_110' title='bbox 2123 1964 2299 2059; x_wconf 84' lang='lat' dir='ltr'><strong>ripae</strong></span> <span class='ocrx_word' id='word_1_111' title='bbox 2351 1965 2638 2039; x_wconf 88' lang='lat' dir='ltr'><strong>montis.</strong></span> <span class='ocrx_word' id='word_1_112' title='bbox 2695 1966 2783 2037; x_wconf 90' lang='lat' dir='ltr'><strong>Et</strong></span> 
     </span>
     <span class='ocr_line' id='line_1_14' title="bbox 436 2085 2784 2180; baseline -0.002 -19"><span class='ocrx_word' id='word_1_113' title='bbox 436 2106 619 2161; x_wconf 89' lang='lat' dir='ltr'><strong>vere</strong></span> <span class='ocrx_word' id='word_1_114' title='bbox 667 2086 1086 2161; x_wconf 87' lang='lat' dir='ltr'><strong>difficillima</strong></span> <span class='ocrx_word' id='word_1_115' title='bbox 1141 2086 1429 2160; x_wconf 89' lang='lat' dir='ltr'><strong>videtur</strong></span> <span class='ocrx_word' id='word_1_116' title='bbox 1483 2086 1599 2159; x_wconf 92' lang='lat' dir='ltr'><strong>via</strong></span> <span class='ocrx_word' id='word_1_117' title='bbox 1650 2085 1999 2159; x_wconf 86' lang='lat' dir='ltr'><strong>recedere</strong></span> <span class='ocrx_word' id='word_1_118' title='bbox 2040 2107 2084 2159; x_wconf 99' lang='lat' dir='ltr'><strong>a</strong></span> <span class='ocrx_word' id='word_1_119' title='bbox 2136 2085 2405 2159; x_wconf 92' lang='lat' dir='ltr'><strong>deliciis</strong></span> <span class='ocrx_word' id='word_1_120' title='bbox 2446 2086 2784 2180; x_wconf 86' lang='lat' dir='ltr'><strong>volupta-</strong></span> 
     </span>
     <span class='ocr_line' id='line_1_15' title="bbox 436 2197 2784 2301; baseline -0.001 -20"><span class='ocrx_word' id='word_1_121' title='bbox 436 2213 598 2282; x_wconf 89' lang='lat' dir='ltr'><strong>tum</strong></span> <span class='ocrx_word' id='word_1_122' title='bbox 651 2197 745 2280; x_wconf 85' lang='lat' dir='ltr'><strong>ad</strong></span> <span class='ocrx_word' id='word_1_123' title='bbox 805 2206 1304 2301; x_wconf 88' lang='lat' dir='ltr'><strong>poenitentiam</strong></span> <span class='ocrx_word' id='word_1_124' title='bbox 1363 2213 1436 2280; x_wconf 89' lang='lat' dir='ltr'><strong>et</strong></span> <span class='ocrx_word' id='word_1_125' title='bbox 1491 2206 2027 2301; x_wconf 86' lang='lat' dir='ltr'><strong>purgationem.</strong></span> <span class='ocrx_word' id='word_1_126' title='bbox 2055 2245 2154 2257; x_wconf 93' lang='lat'>—</span> <span class='ocrx_word' id='word_1_127' title='bbox 2190 2210 2292 2279; x_wconf 87' lang='lat' dir='ltr'><strong>Or</strong></span> <span class='ocrx_word' id='word_1_128' title='bbox 2340 2207 2449 2278; x_wconf 79' lang='lat' dir='ltr'><strong>chi</strong></span> <span class='ocrx_word' id='word_1_129' title='bbox 2495 2228 2600 2278; x_wconf 81' lang='lat' dir='ltr'><strong>sa.</strong></span> <span class='ocrx_word' id='word_1_130' title='bbox 2654 2204 2784 2279; x_wconf 91' lang='lat' dir='ltr'><strong>Hic</strong></span> 
     </span>
     <span class='ocr_line' id='line_1_16' title="bbox 438 2325 2785 2422; baseline 0 -23"><span class='ocrx_word' id='word_1_131' title='bbox 438 2332 659 2422; x_wconf 87' lang='lat' dir='ltr'><strong>poeta</strong></span> <span class='ocrx_word' id='word_1_132' title='bbox 708 2325 1018 2399; x_wconf 89' lang='lat' dir='ltr'><strong>ostendit</strong></span> <span class='ocrx_word' id='word_1_133' title='bbox 1070 2326 1440 2418; x_wconf 91' lang='lat' dir='ltr'><strong>quomodo</strong></span> <span class='ocrx_word' id='word_1_134' title='bbox 1491 2325 1832 2420; x_wconf 86' lang='lat' dir='ltr'><strong>Virgilius</strong></span> <span class='ocrx_word' id='word_1_135' title='bbox 1885 2325 2189 2419; x_wconf 90' lang='lat' dir='ltr'><strong>coeperit</strong></span> <span class='ocrx_word' id='word_1_136' title='bbox 2253 2325 2627 2418; x_wconf 87' lang='lat' dir='ltr'><strong>inquirere</strong></span> <span class='ocrx_word' id='word_1_137' title='bbox 2693 2325 2785 2399; x_wconf 90' lang='lat' dir='ltr'><strong>de</strong></span> 
     </span>
     <span class='ocr_line' id='line_1_17' title="bbox 439 2444 2785 2540; baseline -0.002 -19"><span class='ocrx_word' id='word_1_138' title='bbox 439 2444 560 2521; x_wconf 88' lang='lat' dir='ltr'><strong>via</strong></span> <span class='ocrx_word' id='word_1_139' title='bbox 609 2445 941 2519; x_wconf 89' lang='lat' dir='ltr'><strong>habiliori</strong></span> <span class='ocrx_word' id='word_1_140' title='bbox 994 2445 1086 2520; x_wconf 89' lang='lat' dir='ltr'><strong>ad</strong></span> <span class='ocrx_word' id='word_1_141' title='bbox 1135 2465 1547 2519; x_wconf 89' lang='lat' dir='ltr'><strong>ascensum.</strong></span> <span class='ocrx_word' id='word_1_142' title='bbox 1616 2444 1798 2517; x_wconf 88' lang='lat' dir='ltr'><strong>Dicit</strong></span> <span class='ocrx_word' id='word_1_143' title='bbox 1857 2464 2086 2540; x_wconf 90' lang='lat' dir='ltr'><strong>ergo:</strong></span> <span class='ocrx_word' id='word_1_144' title='bbox 2155 2447 2337 2517; x_wconf 83' lang='lat' dir='ltr'><strong>disse</strong></span> <span class='ocrx_word' id='word_1_145' title='bbox 2377 2448 2428 2517; x_wconf 88' lang='lat' dir='ltr'><strong>’l</strong></span> <span class='ocrx_word' id='word_1_146' title='bbox 2482 2453 2785 2517; x_wconf 80' lang='lat' dir='ltr'><strong>maestro</strong></span> 
     </span>
     <span class='ocr_line' id='line_1_18' title="bbox 438 2564 2783 2663; baseline -0.001 -22"><span class='ocrx_word' id='word_1_147' title='bbox 438 2568 608 2659; x_wconf 69' lang='lat' dir='ltr'><strong>min,</strong></span> <span class='ocrx_word' id='word_1_148' title='bbox 626 2565 894 2642; x_wconf 91' lang='lat' dir='ltr'><strong>scilicet</strong></span> <span class='ocrx_word' id='word_1_149' title='bbox 919 2566 1285 2663; x_wconf 79' lang='lat' dir='ltr'><strong>VirgiliuS‚</strong></span> <span class='ocrx_word' id='word_1_150' title='bbox 1299 2568 1677 2659; x_wconf 80' lang='lat' dir='ltr'><strong>sermando</strong></span> <span class='ocrx_word' id='word_1_151' title='bbox 1701 2568 2013 2657; x_wconf 76' lang='lat' dir='ltr'><strong>ilpassO,</strong></span> <span class='ocrx_word' id='word_1_152' title='bbox 2040 2564 2310 2638; x_wconf 93' lang='lat' dir='ltr'><strong>scilicet</strong></span> <span class='ocrx_word' id='word_1_153' title='bbox 2337 2585 2481 2638; x_wconf 94' lang='lat' dir='ltr'><strong>non</strong></span> <span class='ocrx_word' id='word_1_154' title='bbox 2517 2585 2609 2638; x_wconf 95' lang='lat' dir='ltr'><strong>eu</strong></span> <span class='ocrx_word' id='word_1_155' title='bbox 2619 2565 2783 2658; x_wconf 86' lang='lat' dir='ltr'><strong>ndo,</strong></span> 
     </span>
     <span class='ocr_line' id='line_1_19' title="bbox 437 2684 2786 2779; baseline -0.002 -17"><span class='ocrx_word' id='word_1_156' title='bbox 437 2708 531 2762; x_wconf 88' lang='lat' dir='ltr'><strong>or</strong></span> <span class='ocrx_word' id='word_1_157' title='bbox 577 2690 688 2761; x_wconf 75' lang='lat' dir='ltr'><strong>chi</strong></span> <span class='ocrx_word' id='word_1_158' title='bbox 732 2709 819 2760; x_wconf 79' lang='lat' dir='ltr'><strong>sa</strong></span> <span class='ocrx_word' id='word_1_159' title='bbox 867 2689 966 2761; x_wconf 83' lang='lat' dir='ltr'><strong>da</strong></span> <span class='ocrx_word' id='word_1_160' title='bbox 1016 2690 1186 2778; x_wconf 78' lang='lat' dir='ltr'><strong>qual</strong></span> <span class='ocrx_word' id='word_1_161' title='bbox 1232 2707 1397 2758; x_wconf 82' lang='lat' dir='ltr'><strong>man</strong></span> <span class='ocrx_word' id='word_1_162' title='bbox 1450 2689 1523 2757; x_wconf 87' lang='lat' dir='ltr'><strong>la</strong></span> <span class='ocrx_word' id='word_1_163' title='bbox 1571 2691 1762 2757; x_wconf 82' lang='lat' dir='ltr'><strong>costa</strong></span> <span class='ocrx_word' id='word_1_164' title='bbox 1812 2688 1999 2775; x_wconf 85' lang='lat' dir='ltr'><strong>cala,</strong></span> <span class='ocrx_word' id='word_1_165' title='bbox 2037 2684 2241 2770; x_wconf 82' lang='lat' dir='ltr'><strong>idest,</strong></span> <span class='ocrx_word' id='word_1_166' title='bbox 2293 2706 2337 2758; x_wconf 99' lang='lat' dir='ltr'><strong>a</strong></span> <span class='ocrx_word' id='word_1_167' title='bbox 2379 2706 2526 2779; x_wconf 90' lang='lat' dir='ltr'><strong>qua</strong></span> <span class='ocrx_word' id='word_1_168' title='bbox 2577 2693 2786 2779; x_wconf 90' lang='lat' dir='ltr'><strong>parte</strong></span> 
     </span>
     <span class='ocr_line' id='line_1_20' title="bbox 436 2804 2784 2904; baseline -0.003 -21"><span class='ocrx_word' id='word_1_169' title='bbox 436 2829 656 2883; x_wconf 89' lang='lat' dir='ltr'><strong>mons</strong></span> <span class='ocrx_word' id='word_1_170' title='bbox 722 2813 833 2883; x_wconf 90' lang='lat' dir='ltr'><strong>est</strong></span> <span class='ocrx_word' id='word_1_171' title='bbox 881 2807 1311 2904; x_wconf 84' lang='lat' dir='ltr'><strong>proclivior!</strong></span> <span class='ocrx_word' id='word_1_172' title='bbox 1363 2808 1451 2880; x_wconf 85' lang='lat' dir='ltr'><strong>Et</strong></span> <span class='ocrx_word' id='word_1_173' title='bbox 1513 2805 1842 2899; x_wconf 87' lang='lat' dir='ltr'><strong>loquitur</strong></span> <span class='ocrx_word' id='word_1_174' title='bbox 1905 2804 2339 2880; x_wconf 88' lang='lat' dir='ltr'><strong>admirative</strong></span> <span class='ocrx_word' id='word_1_175' title='bbox 2405 2811 2784 2898; x_wconf 87' lang='lat' dir='ltr'><strong>tamquam</strong></span> 
     </span>
     <span class='ocr_line' id='line_1_21' title="bbox 437 2918 2790 3028; baseline -0.003 -24"><span class='ocrx_word' id='word_1_176' title='bbox 437 2930 744 3028; x_wconf 83' lang='lat' dir='ltr'><strong>ignarus</strong></span> <span class='ocrx_word' id='word_1_177' title='bbox 784 2929 922 3004; x_wconf 90' lang='lat' dir='ltr'><strong>loci</strong></span> <span class='ocrx_word' id='word_1_178' title='bbox 964 2934 1036 3003; x_wconf 91' lang='lat' dir='ltr'><strong>et</strong></span> <span class='ocrx_word' id='word_1_179' title='bbox 1088 2928 1388 3002; x_wconf 89' lang='lat' dir='ltr'><strong>territus</strong></span> <span class='ocrx_word' id='word_1_180' title='bbox 1439 2927 1831 3021; x_wconf 81' lang='lat' dir='ltr'><strong>asperitate</strong></span> <span class='ocrx_word' id='word_1_181' title='bbox 1873 2925 2048 3019; x_wconf 84' lang='lat' dir='ltr'><strong>viae3</strong></span> <span class='ocrx_word' id='word_1_182' title='bbox 2087 2925 2283 2999; x_wconf 93' lang='lat' dir='ltr'><strong>unde</strong></span> <span class='ocrx_word' id='word_1_183' title='bbox 2317 2925 2532 3000; x_wconf 89' lang='lat' dir='ltr'><strong>dicit:</strong></span> <span class='ocrx_word' id='word_1_184' title='bbox 2576 2918 2639 2998; x_wconf 73' lang='grc' dir='ltr'><strong>εὶ</strong></span> <span class='ocrx_word' id='word_1_185' title='bbox 2671 2928 2790 2998; x_wconf 78' lang='lat' dir='ltr'><strong>che</strong></span> 
     </span>
     <span class='ocr_line' id='line_1_22' title="bbox 435 3045 2791 3146; baseline -0.002 -21"><span class='ocrx_word' id='word_1_186' title='bbox 435 3072 659 3146; x_wconf 74' lang='lat' dir='ltr'><strong>possa</strong></span> <span class='ocrx_word' id='word_1_187' title='bbox 690 3053 869 3124; x_wconf 74' lang='lat' dir='ltr'><strong>salir-</strong></span> <span class='ocrx_word' id='word_1_188' title='bbox 901 3052 1011 3123; x_wconf 81' lang='lat' dir='ltr'><strong>chi</strong></span> <span class='ocrx_word' id='word_1_189' title='bbox 1042 3072 1134 3122; x_wconf 87' lang='lat' dir='ltr'><strong>va</strong></span> <span class='ocrx_word' id='word_1_190' title='bbox 1166 3052 1353 3122; x_wconf 80' lang='lat' dir='ltr'><strong>senz’</strong></span> <span class='ocrx_word' id='word_1_191' title='bbox 1369 3052 1490 3121; x_wconf 87' lang='lat' dir='ltr'><strong>ala</strong></span> <span class='ocrx_word' id='word_1_192' title='bbox 1509 3055 1546 3121; x_wconf 87' lang='lat'><em>?</em></span> <span class='ocrx_word' id='word_1_193' title='bbox 1578 3050 1732 3122; x_wconf 90' lang='lat' dir='ltr'><strong>Hoc</strong></span> <span class='ocrx_word' id='word_1_194' title='bbox 1773 3046 1944 3120; x_wconf 90' lang='lat' dir='ltr'><strong>dicit</strong></span> <span class='ocrx_word' id='word_1_195' title='bbox 1979 3045 2319 3141; x_wconf 86' lang='lat' dir='ltr'><strong>Virgilius</strong></span> <span class='ocrx_word' id='word_1_196' title='bbox 2370 3067 2504 3141; x_wconf 95' lang='lat' dir='ltr'><strong>pro</strong></span> <span class='ocrx_word' id='word_1_197' title='bbox 2556 3047 2791 3120; x_wconf 89' lang='lat' dir='ltr'><strong>Dante</strong></span> 
     </span>
     <span class='ocr_line' id='line_1_23' title="bbox 438 3166 2791 3267; baseline -0.003 -22"><span class='ocrx_word' id='word_1_198' title='bbox 438 3171 572 3267; x_wconf 90' lang='lat' dir='ltr'><strong>qui</strong></span> <span class='ocrx_word' id='word_1_199' title='bbox 622 3191 771 3251; x_wconf 86' lang='lat' dir='ltr'><strong>non</strong></span> <span class='ocrx_word' id='word_1_200' title='bbox 819 3170 1137 3244; x_wconf 89' lang='lat' dir='ltr'><strong>habebat</strong></span> <span class='ocrx_word' id='word_1_201' title='bbox 1189 3170 1286 3242; x_wconf 96' lang='lat' dir='ltr'><strong>ibi</strong></span> <span class='ocrx_word' id='word_1_202' title='bbox 1336 3170 1489 3243; x_wconf 94' lang='lat' dir='ltr'><strong>alas</strong></span> <span class='ocrx_word' id='word_1_203' title='bbox 1524 3168 1711 3243; x_wconf 91' lang='lat' dir='ltr'><strong>sicut</strong></span> <span class='ocrx_word' id='word_1_204' title='bbox 1745 3167 2090 3263; x_wconf 81' lang='lat' dir='ltr'><strong>AngeluS,</strong></span> <span class='ocrx_word' id='word_1_205' title='bbox 2129 3166 2279 3239; x_wconf 92' lang='lat' dir='ltr'><strong>imo</strong></span> <span class='ocrx_word' id='word_1_206' title='bbox 2324 3167 2639 3241; x_wconf 88' lang='lat' dir='ltr'><strong>habebat</strong></span> <span class='ocrx_word' id='word_1_207' title='bbox 2673 3186 2791 3240; x_wconf 90' lang='lat' dir='ltr'><strong>se-</strong></span> 
     </span>
     <span class='ocr_line' id='line_1_24' title="bbox 440 3279 2791 3389; baseline -0.003 -23"><span class='ocrx_word' id='word_1_208' title='bbox 440 3311 617 3366; x_wconf 88' lang='lat' dir='ltr'><strong>cum</strong></span> <span class='ocrx_word' id='word_1_209' title='bbox 668 3311 936 3389; x_wconf 89' lang='lat' dir='ltr'><strong>corpus</strong></span> <span class='ocrx_word' id='word_1_210' title='bbox 985 3290 1403 3385; x_wconf 92' lang='lat' dir='ltr'><strong>deprimens</strong></span> <span class='ocrx_word' id='word_1_211' title='bbox 1431 3279 1505 3380; x_wconf 77' lang='lat'><strong>(³)</strong></span> <span class='ocrx_word' id='word_1_212' title='bbox 1572 3295 1648 3363; x_wconf 91' lang='lat' dir='ltr'><strong>et</strong></span> <span class='ocrx_word' id='word_1_213' title='bbox 1714 3288 2096 3362; x_wconf 90' lang='lat' dir='ltr'><strong>retrahens</strong></span> <span class='ocrx_word' id='word_1_214' title='bbox 2144 3286 2518 3379; x_wconf 86' lang='lat' dir='ltr'><strong>deorsum,</strong></span> <span class='ocrx_word' id='word_1_215' title='bbox 2581 3284 2791 3380; x_wconf 89' lang='lat' dir='ltr'><strong>quasi</strong></span> 
     </span>
     <span class='ocr_line' id='line_1_25' title="bbox 441 3406 2792 3506; baseline -0.003 -20"><span class='ocrx_word' id='word_1_216' title='bbox 441 3410 636 3486; x_wconf 89' lang='lat' dir='ltr'><strong>dicat</strong></span> <span class='ocrx_word' id='word_1_217' title='bbox 669 3411 906 3506; x_wconf 87' lang='lat' dir='ltr'><strong>tacite,</strong></span> <span class='ocrx_word' id='word_1_218' title='bbox 950 3411 1144 3505; x_wconf 95' lang='lat' dir='ltr'><strong>quod</strong></span> <span class='ocrx_word' id='word_1_219' title='bbox 1196 3412 1420 3484; x_wconf 90' lang='lat' dir='ltr'><strong>homo</strong></span> <span class='ocrx_word' id='word_1_220' title='bbox 1473 3410 1722 3483; x_wconf 89' lang='lat' dir='ltr'><strong>vivens</strong></span> <span class='ocrx_word' id='word_1_221' title='bbox 1764 3408 1838 3481; x_wconf 93' lang='lat' dir='ltr'><strong>in</strong></span> <span class='ocrx_word' id='word_1_222' title='bbox 1881 3428 2107 3482; x_wconf 90' lang='lat' dir='ltr'><strong>carne</strong></span> <span class='ocrx_word' id='word_1_223' title='bbox 2143 3428 2289 3481; x_wconf 91' lang='lat' dir='ltr'><strong>non</strong></span> <span class='ocrx_word' id='word_1_224' title='bbox 2329 3407 2548 3481; x_wconf 88' lang='lat' dir='ltr'><strong>habet</strong></span> <span class='ocrx_word' id='word_1_225' title='bbox 2582 3406 2792 3480; x_wconf 89' lang='lat' dir='ltr'><strong>intel-</strong></span> 
     </span>
     <span class='ocr_line' id='line_1_26' title="bbox 442 3526 2791 3628; baseline -0.001 -24"><span class='ocrx_word' id='word_1_226' title='bbox 442 3529 721 3607; x_wconf 87' lang='lat' dir='ltr'><strong>lectum</strong></span> <span class='ocrx_word' id='word_1_227' title='bbox 770 3531 1210 3628; x_wconf 87' lang='lat' dir='ltr'><strong>angelicum,</strong></span> <span class='ocrx_word' id='word_1_228' title='bbox 1262 3549 1399 3603; x_wconf 94' lang='lat' dir='ltr'><strong>nec</strong></span> <span class='ocrx_word' id='word_1_229' title='bbox 1450 3536 1684 3623; x_wconf 89' lang='lat' dir='ltr'><strong>potest</strong></span> <span class='ocrx_word' id='word_1_230' title='bbox 1734 3529 1989 3602; x_wconf 91' lang='lat' dir='ltr'><strong>volare</strong></span> <span class='ocrx_word' id='word_1_231' title='bbox 2041 3527 2174 3600; x_wconf 93' lang='lat' dir='ltr'><strong>nisi</strong></span> <span class='ocrx_word' id='word_1_232' title='bbox 2226 3548 2316 3602; x_wconf 93' lang='lat' dir='ltr'><strong>eo</strong></span> <span class='ocrx_word' id='word_1_233' title='bbox 2369 3526 2588 3601; x_wconf 90' lang='lat' dir='ltr'><strong>modo</strong></span> <span class='ocrx_word' id='word_1_234' title='bbox 2641 3547 2791 3621; x_wconf 94' lang='lat' dir='ltr'><strong>quo</strong></span> 
     </span>
     <span class='ocr_line' id='line_1_27' title="bbox 442 3647 2792 3744; baseline -0.002 -19"><span class='ocrx_word' id='word_1_235' title='bbox 442 3648 732 3727; x_wconf 84' lang='lat' dir='ltr'><strong>dicetur</strong></span> <span class='ocrx_word' id='word_1_236' title='bbox 780 3650 970 3724; x_wconf 82' lang='lat' dir='ltr'><strong>infra</strong></span> <span class='ocrx_word' id='word_1_237' title='bbox 1021 3650 1338 3744; x_wconf 89' lang='lat' dir='ltr'><strong>capitulo</strong></span> <span class='ocrx_word' id='word_1_238' title='bbox 1391 3654 1657 3742; x_wconf 91' lang='lat' dir='ltr'><strong>quarto</strong></span> <span class='ocrx_word' id='word_1_239' title='bbox 1708 3647 2066 3740; x_wconf 90' lang='lat' dir='ltr'><strong>sequenti.</strong></span> <span class='ocrx_word' id='word_1_240' title='bbox 2130 3647 2219 3719; x_wconf 90' lang='lat' dir='ltr'><strong>Et</strong></span> <span class='ocrx_word' id='word_1_241' title='bbox 2268 3647 2509 3721; x_wconf 90' lang='lat' dir='ltr'><strong>subdit</strong></span> <span class='ocrx_word' id='word_1_242' title='bbox 2577 3652 2792 3741; x_wconf 85' lang='lat' dir='ltr'><strong>poeta</strong></span> 
     </span>
     <span class='ocr_line' id='line_1_28' title="bbox 444 3765 2788 3865; baseline -0.003 -20"><span class='ocrx_word' id='word_1_243' title='bbox 444 3770 761 3865; x_wconf 83' lang='lat' dir='ltr'><strong>qualiter</strong></span> <span class='ocrx_word' id='word_1_244' title='bbox 810 3769 1350 3844; x_wconf 87' lang='lat' dir='ltr'><strong>intendentibus</strong></span> <span class='ocrx_word' id='word_1_245' title='bbox 1398 3768 1492 3842; x_wconf 91' lang='lat' dir='ltr'><strong>ad</strong></span> <span class='ocrx_word' id='word_1_246' title='bbox 1543 3767 2122 3862; x_wconf 91' lang='lat' dir='ltr'><strong>investigandam</strong></span> <span class='ocrx_word' id='word_1_247' title='bbox 2159 3765 2351 3839; x_wconf 91' lang='lat' dir='ltr'><strong>viam</strong></span> <span class='ocrx_word' id='word_1_248' title='bbox 2389 3766 2788 3839; x_wconf 82' lang='lat' dir='ltr'><strong>faciliorem</strong></span> 
     </span>
     <span class='ocr_line' id='line_1_29' title="bbox 444 3884 2788 3986; baseline -0.004 -23"><span class='ocrx_word' id='word_1_249' title='bbox 444 3889 870 3986; x_wconf 85' lang='lat' dir='ltr'><strong>supervenit</strong></span> <span class='ocrx_word' id='word_1_250' title='bbox 931 3910 1124 3964; x_wconf 92' lang='lat' dir='ltr'><strong>nova</strong></span> <span class='ocrx_word' id='word_1_251' title='bbox 1185 3888 1401 3963; x_wconf 91' lang='lat' dir='ltr'><strong>turba</strong></span> <span class='ocrx_word' id='word_1_252' title='bbox 1471 3888 1786 3962; x_wconf 90' lang='lat' dir='ltr'><strong>aliarum</strong></span> <span class='ocrx_word' id='word_1_253' title='bbox 1854 3886 2274 3959; x_wconf 91' lang='lat' dir='ltr'><strong>animarum</strong></span> <span class='ocrx_word' id='word_1_254' title='bbox 2342 3884 2788 3958; x_wconf 91' lang='lat' dir='ltr'><strong>venientium</strong></span> 
     </span>
     <span class='ocr_line' id='line_1_30' title="bbox 445 4005 2792 4093; baseline -0.005 -8"><span class='ocrx_word' id='word_1_255' title='bbox 445 4009 661 4085; x_wconf 80' lang='lat' dir='ltr'><strong>valde</strong></span> <span class='ocrx_word' id='word_1_256' title='bbox 709 4012 923 4086; x_wconf 88' lang='lat' dir='ltr'><strong>lente.</strong></span> <span class='ocrx_word' id='word_1_257' title='bbox 978 4009 1246 4085; x_wconf 89' lang='lat' dir='ltr'><strong>Ordina</strong></span> <span class='ocrx_word' id='word_1_258' title='bbox 1305 4009 1407 4083; x_wconf 92' lang='lat' dir='ltr'><strong>sic</strong></span> <span class='ocrx_word' id='word_1_259' title='bbox 1474 4008 1809 4082; x_wconf 89' lang='lat' dir='ltr'><strong>literam:</strong></span> <span class='ocrx_word' id='word_1_260' title='bbox 1879 4028 1917 4078; x_wconf 85' lang='lat' dir='ltr'><strong>e</strong></span> <span class='ocrx_word' id='word_1_261' title='bbox 1973 4026 2117 4078; x_wconf 84' lang='lat' dir='ltr'><strong>una</strong></span> <span class='ocrx_word' id='word_1_262' title='bbox 2179 4005 2385 4078; x_wconf 81' lang='lat' dir='ltr'><strong>turba</strong></span> <span class='ocrx_word' id='word_1_263' title='bbox 2442 4007 2511 4077; x_wconf 85' lang='lat' dir='ltr'><strong>d&#39;</strong></span> <span class='ocrx_word' id='word_1_264' title='bbox 2536 4006 2792 4093; x_wconf 77' lang='lat' dir='ltr'><strong>anime,</strong></span> 
     </span>
     <span class='ocr_line' id='line_1_31' title="bbox 448 4116 2792 4223; baseline -0.005 -17"><span class='ocrx_word' id='word_1_265' title='bbox 448 4129 593 4207; x_wconf 80' lang='lat' dir='ltr'><strong>ista·</strong></span> <span class='ocrx_word' id='word_1_266' title='bbox 660 4138 823 4207; x_wconf 88' lang='lat' dir='ltr'><strong>erat</strong></span> <span class='ocrx_word' id='word_1_267' title='bbox 897 4131 1217 4206; x_wconf 91' lang='lat' dir='ltr'><strong>secunda</strong></span> <span class='ocrx_word' id='word_1_268' title='bbox 1281 4135 1478 4203; x_wconf 90' lang='lat' dir='ltr'><strong>secta</strong></span> <span class='ocrx_word' id='word_1_269' title='bbox 1535 4116 1607 4221; x_wconf 71' lang='lat'><strong>(⁴)</strong></span> <span class='ocrx_word' id='word_1_270' title='bbox 1695 4125 2214 4223; x_wconf 91' lang='lat' dir='ltr'><strong>negligentium</strong></span> <span class='ocrx_word' id='word_1_271' title='bbox 2291 4123 2792 4218; x_wconf 71' lang='lat' dir='ltr'><strong>poenitentiam</strong></span> 
     </span>
     <span class='ocr_line' id='line_1_32' title="bbox 450 4242 2795 4346; baseline -0.004 -20"><span class='ocrx_word' id='word_1_272' title='bbox 450 4271 692 4346; x_wconf 86' lang='lat' dir='ltr'><strong>usque</strong></span> <span class='ocrx_word' id='word_1_273' title='bbox 742 4250 817 4324; x_wconf 90' lang='lat' dir='ltr'><strong>in</strong></span> <span class='ocrx_word' id='word_1_274' title='bbox 866 4250 1112 4345; x_wconf 86' lang='lat' dir='ltr'><strong>finem,</strong></span> <span class='ocrx_word' id='word_1_275' title='bbox 1164 4251 1282 4324; x_wconf 83' lang='lat' dir='ltr'><strong>che</strong></span> <span class='ocrx_word' id='word_1_276' title='bbox 1330 4251 1647 4322; x_wconf 77' lang='lat' dir='ltr'><strong>movieno</strong></span> <span class='ocrx_word' id='word_1_277' title='bbox 1695 4250 1723 4319; x_wconf 82' lang='lat' dir='ltr'><strong>i</strong></span> <span class='ocrx_word' id='word_1_278' title='bbox 1765 4242 1886 4338; x_wconf 67' lang='lat' dir='ltr'><strong>pie*</strong></span> <span class='ocrx_word' id='word_1_279' title='bbox 1933 4266 2055 4317; x_wconf 87' lang='lat' dir='ltr'><strong>ver</strong></span> <span class='ocrx_word' id='word_1_280' title='bbox 2113 4247 2259 4336; x_wconf 79' lang='lat' dir='ltr'><strong>noi,</strong></span> <span class='ocrx_word' id='word_1_281' title='bbox 2311 4244 2495 4318; x_wconf 89' lang='lat' dir='ltr'><strong>idest</strong></span> <span class='ocrx_word' id='word_1_282' title='bbox 2542 4242 2795 4317; x_wconf 90' lang='lat' dir='ltr'><strong>venie-</strong></span> 
     </span>
    </p>
   </div>
   <div class='ocr_carea' id='block_1_6' title="bbox 574 4462 2334 4685">
    <p class='ocr_par' dir='ltr' id='par_1_6' title="bbox 574 4462 2334 4685">
     <span class='ocr_line' id='line_1_33' title="bbox 574 4462 2247 4530; baseline -0.006 -10"><span class='ocrx_word' id='word_1_283' title='bbox 574 4466 631 4530; x_wconf 66' lang='grc' dir='ltr'><strong>θ)</strong></span> <span class='ocrx_word' id='word_1_284' title='bbox 663 4469 773 4529; x_wconf 81' lang='grc'><strong>117,</strong></span> <span class='ocrx_word' id='word_1_285' title='bbox 804 4465 1003 4518; x_wconf 73' lang='lat' dir='ltr'><strong>Januae.</strong></span> <span class='ocrx_word' id='word_1_286' title='bbox 1254 4465 1309 4530; x_wconf 83' lang='lat'><strong>(⁸)</strong></span> <span class='ocrx_word' id='word_1_287' title='bbox 1343 4467 1404 4516; x_wconf 87' lang='lat' dir='ltr'><strong>E.</strong></span> <span class='ocrx_word' id='word_1_288' title='bbox 1436 4469 1675 4528; x_wconf 83' lang='lat' dir='ltr'><strong>respectu</strong></span> <span class='ocrx_word' id='word_1_289' title='bbox 1710 4464 1836 4526; x_wconf 80' lang='lat' dir='ltr'><strong>ripae</strong></span> <span class='ocrx_word' id='word_1_290' title='bbox 1869 4462 2010 4512; x_wconf 88' lang='lat' dir='ltr'><strong>illius</strong></span> <span class='ocrx_word' id='word_1_291' title='bbox 2043 4462 2247 4512; x_wconf 83' lang='lat' dir='ltr'><strong>montis.</strong></span> 
     </span>
     <span class='ocr_line' id='line_1_34' title="bbox 575 4536 2334 4607; baseline -0.006 -12"><span class='ocrx_word' id='word_1_292' title='bbox 575 4541 630 4605; x_wconf 55' lang='grc' dir='ltr'><strong>(Ψ)</strong></span> <span class='ocrx_word' id='word_1_293' title='bbox 660 4541 724 4594; x_wconf 81' lang='lat'><strong>13.</strong></span> <span class='ocrx_word' id='word_1_294' title='bbox 740 4575 741 4578; x_wconf 56' lang='lat'><em>=</em></span> <span class='ocrx_word' id='word_1_295' title='bbox 756 4543 1046 4607; x_wconf 69' lang='lat' dir='ltr'><strong>reprimens</strong></span> <span class='ocrx_word' id='word_1_296' title='bbox 1075 4546 1131 4594; x_wconf 79' lang='lat' dir='ltr'><strong>et</strong></span> <span class='ocrx_word' id='word_1_297' title='bbox 1158 4542 1444 4594; x_wconf 74' lang='lat' dir='ltr'><strong>retrahens.</strong></span> <span class='ocrx_word' id='word_1_298' title='bbox 1465 4567 1528 4580; x_wconf 89' lang='lat'><strong>—-</strong></span> <span class='ocrx_word' id='word_1_299' title='bbox 1547 4540 1597 4589; x_wconf 91' lang='lat' dir='ltr'><strong>S.</strong></span> <span class='ocrx_word' id='word_1_300' title='bbox 1628 4540 1923 4602; x_wconf 76' lang='lat' dir='ltr'><strong>deprimens</strong></span> <span class='ocrx_word' id='word_1_301' title='bbox 1953 4543 2009 4596; x_wconf 79' lang='lat' dir='ltr'><strong>et</strong></span> <span class='ocrx_word' id='word_1_302' title='bbox 2039 4536 2334 4587; x_wconf 74' lang='lat' dir='ltr'><strong>detrahens.</strong></span> 
     </span>
     <span class='ocr_line' id='line_1_35' title="bbox 578 4617 1331 4685; baseline -0.011 -8"><span class='ocrx_word' id='word_1_303' title='bbox 578 4617 633 4684; x_wconf 80' lang='lat'><strong>(⁸)</strong></span> <span class='ocrx_word' id='word_1_304' title='bbox 664 4617 728 4670; x_wconf 84' lang='lat' dir='ltr'><strong>B·</strong></span> <span class='ocrx_word' id='word_1_305' title='bbox 758 4617 911 4670; x_wconf 70' lang='lat' dir='ltr'><strong>turbu</strong></span> <span class='ocrx_word' id='word_1_306' title='bbox 942 4618 1331 4685; x_wconf 75' lang='lat' dir='ltr'><strong>negligentium.</strong></span> 
     </span>
    </p>
   </div>
  </div>
 </body>
</html>
