3704 5559
899 477 1039 541 522
1627 484 2036 539 commun
2086 486 2525 539 anonoan

895 635 1130 708 maior
1183 633 1458 707 mentio
1527 640 1601 707 et
1659 632 2199 707 commendatio
2264 631 2342 703 fit
2404 632 2497 705 de
2559 630 2891 704 Fabricio
2958 631 3250 704 ratione

896 755 1192 828 maioris
1241 753 1709 849 paupertatis.
1763 751 1967 826 Sicut
2016 773 2197 849 ergo
2249 741 2495 827 scribit
2547 752 2781 825 Julius
2832 754 3102 849 IgniuS,
3157 753 3248 826 li-

892 874 1029 947 bro
1063 873 1152 945 VI
1194 874 1288 948 de
1320 873 1467 947 vita
1504 880 1578 948 et
1621 872 1951 947 moribus
1988 872 2322 945 virorum
2360 871 2781 965 illustrium,
2823 871 2972 945 duo
3021 873 3241 968 legati

895 993 1292 1066 samnitum
1365 998 1730 1066 venerunt
1805 991 1898 1063 ad
1975 991 2232 1064 Caium
2309 990 2662 1064 Licinium
2742 999 3244 1066 memorantes

895 1112 1165 1184 multas
1232 1118 1305 1185 et
1373 1132 1679 1206 magnas
1733 1131 1874 1203 τες,
1928 1130 2113 1205 quas
2162 1110 2356 1184 bene
2418 1117 2491 1183 et
2557 1110 2913 1184 benevole
2966 1111 3240 1185 fecerat

896 1231 1327 1304 samnitibus
1365 1237 1527 1324 post
1566 1229 1814 1303 datam
1868 1241 2151 1323 pacem,
2194 1229 2590 1303 offerentes
2639 1229 2832 1303 dono
2881 1231 3237 1325 grandem

897 1351 1283 1444 pecuniam
1353 1356 1429 1425 et
1493 1360 1788 1425 orantes
1841 1354 1925 1421 ut
1976 1349 2358 1444 reciperet,
2420 1349 2767 1443 quoniam
2821 1350 3056 1422 multa
3108 1350 3237 1422 de-

895 1471 1201 1545 ficerent
1232 1472 1325 1546 ad
1365 1471 1873 1545 necessitatem
1908 1470 2142 1543 victus
2178 1477 2249 1544 et
2284 1469 2689 1543 claritatem
2727 1489 2882 1542 suae
2924 1470 3237 1561 domus3

898 1592 1071 1664 nihil
1123 1591 1321 1666 enim
1371 1589 1825 1684 splendidum
1882 1596 1955 1662 et
2005 1596 2345 1683 paratum
2391 1595 2551 1663 erat
2585 1609 2719 1683 pro
2758 1589 3234 1682 amplitudine

898 1711 1211 1786 hominis
1261 1701 1334 1785 et
1382 1710 1733 1807 dignitate
1773 1709 2082 1782 virtutis.
2120 1709 2495 1782 Fabricius
2531 1729 2713 1783 vero
2748 1710 3048 1783 deduxit
3079 1731 3238 1784 am-

895 1835 1048 1928 plas
1098 1854 1362 1906 manus
1411 1831 1505 1904 ab
1555 1830 1862 1905 auribus
1921 1830 2014 1904 ad
2072 1830 2347 1922 ocuIOS‚
2401 1830 2662 1904 deinde
2712 1829 2803 1903 ad
2857 1850 3094 1922 nareS,
3146 1830 3236 1902 ad

896 1974 1001 2047 os,
1054 1953 1146 2026 ad
1196 1954 1473 2048 gulam,
1542 1950 1804 2026 deinde
1854 1951 1948 2023 ad
2000 1956 2359 2043 ventrem,
2429 1957 2503 2024 et
2569 1950 2955 2043 inferiora3
3003 1958 3075 2023 et
3125 1951 3236 2022 le-

895 2073 1081 2168 gatis
1132 2073 1205 2144 in
1257 2072 1413 2143 haec
1463 2070 1692 2143 verba
1744 2070 2151 2164 respondit:
2204 2071 2385 2143 dum
2444 2070 2789 2144 omnibus
2838 2072 2946 2143 his
2997 2091 3234 2143 mem-

896 2190 1046 2263 bris
1099 2210 1265 2281 quae
1316 2189 1514 2283 tetigi
1568 2195 1824 2283 potero
1877 2190 2218 2263 resistere
2270 2197 2343 2263 et
2394 2189 2787 2283 imperare,
2846 2190 3016 2261 mihi
3072 2189 3241 2262 nihil

898 2308 1199 2381 omnino
1225 2306 1539 2400 deficiet3
1570 2307 1732 2380 ideo
1761 2307 1965 2380 vobis
1993 2316 2368 2383 reservate
2403 2309 2789 2402 pecuniam
2809 2301 2880 2399 (¹)
2906 2329 3240 2382 necessa-

900 2427 1086 2501 riam
1140 2426 1391 2499 usibus
1445 2427 1725 2519 vestriS‚
1777 2446 1914 2500 nec
1966 2447 2131 2501 eam
2186 2429 2452 2521 quibus
2504 2448 2651 2501 non
2686 2434 2793 2501 est
2832 2428 3235 2501 necessaria

898 2554 1029 2622 aut
1079 2554 1288 2643 grata
1334 2546 1700 2643 ingeratis,
1737 2547 2048 2620 Romani
2084 2547 2444 2639 siquidem
2485 2569 2631 2622 non
2666 2555 2929 2622 curant
2969 2548 3242 2622 habere

898 2688 1198 2760 aurum,
1249 2667 1374 2740 sed
1446 2667 1811 2761 imperare
1876 2668 2132 2739 volunt
2190 2669 2626 2742 habentibus
2683 2689 2980 2742 aurum.
3044 2668 3240 2741 Idem

897 2789 1274 2862 Fabricius
1324 2789 1676 2882 compulit
1728 2790 2095 2883 Pyrrhum
2158 2789 2250 2862 ad
2317 2810 2797 2864 romanorum
2847 2789 3238 2863 amicitiam

899 2910 1407 3005 appetendam,
1464 2909 1770 2984 remisso
1821 2911 2129 3003 medico,
2183 2910 2311 3002 qui
2362 2910 2834 3005 promittebat
2874 2911 3238 3005 Pyrrhum

899 3050 1291 3104 venenare.
1345 3030 1513 3103 Ideo
1564 3032 1754 3104 bene
1803 3029 1975 3103 dicit
2034 3031 2352 3104 Seneca:
2406 3029 2800 3103 Summum
2864 3031 3000 3104 suit
3058 3052 3243 3106 auro

902 3169 1048 3222 non
1100 3148 1312 3240 vinci,
1367 3169 1650 3223 veneno
1692 3170 1838 3222 non
1877 3150 2192 3223 vincere.
2232 3151 2454 3222 Multa
2490 3156 2895 3223 occurrunt
2939 3150 3237 3223 dicenda

899 3269 973 3341 in
1040 3269 1333 3343 laudem
1399 3268 1703 3342 Fabricii
1783 3289 1951 3363 quae
2017 3270 2313 3344 remitto
2381 3270 2742 3344 brevitati.
2815 3270 2995 3343 Dicit
3058 3288 3240 3365 ergo

901 3393 1151 3480 poeta:
1182 3391 1730 3477 Sequentemente
1760 3390 1982 3479 inlesi,
2018 3388 2223 3461 illum
2261 3390 2595 3483 spiritum
2633 3390 2912 3463 dicere:
2966 3394 3025 3461 O
3062 3389 3239 3460 buon

901 3507 1250 3597 FabriciO,
1317 3527 1540 3599 quem
1593 3507 1888 3615 boetius
1940 3514 2151 3582 vocat
2204 3508 2519 3601 fidelem,
2576 3511 2813 3582 volasti
2862 3512 3034 3581 anzi
3071 3529 3238 3600 pos-

899 3629 1102 3699 seder
1154 3634 1409 3700 vertute
1459 3649 1590 3700 con
1631 3618 1956 3719 ρουενιὰ,
2008 3632 2127 3701 οΙιε
2174 3651 2366 3719 yran
2427 3632 2792 3701 riccltezza
2840 3650 2971 3702 con
3037 3631 3233 3701 vizio.

902 3750 1105 3823 Unde
1143 3748 1623 3822 Claudianus:
1664 3754 2015 3822 contentus
2063 3752 2344 3822 honesto
2387 3751 2747 3821 Fabricius
2772 3770 3008 3841 parvo
3046 3769 3239 3841 sper-

901 3870 1109 3942 nebat
1154 3890 1451 3941 mzmera
1501 3890 1889 3959 reglum—
1914 3873 2172 3957 Queste.
2212 3871 2340 3942 Hic
2391 3876 2605 3963 poeta
2656 3869 2950 3943 adducit
2991 3888 3240 3942 exem-

898 3991 1103 4085 plum
1141 3990 1398 4063 nobilis
1433 3990 1785 4086 largitatis
1820 3990 1958 4062 sub
1996 3991 2238 4063 verbis
2279 3989 2627 4064 brevibus
2664 3996 2738 4063 et
2771 3990 3022 4063 claris:
3057 4008 3242 4081 quo-

899 4110 1092 4184 niam
1163 4112 1421 4185 beatus
1485 4110 1830 4183 Nicolaus
1909 4110 2219 4183 mortuis
2296 4110 2719 4205 parentibus
2785 4111 3039 4183 volens
3115 4128 3244 4181 sua

897 4230 1090 4302 bona
1141 4231 1586 4325 pauperibus
1636 4251 1973 4327 erogare,
2009 4231 2189 4303 dum
2226 4231 2523 4324 quidam
2572 4230 2828 4304 nobilis
2870 4234 3020 4303 tres
3062 4228 3238 4302 filias

897 4349 1181 4422 adultas
1232 4355 1545 4445 urgente
1605 4350 1844 4443 inopia
1910 4349 2328 4445 disponeret
2389 4357 2755 4444 quaestum
2820 4349 3064 4423 facere
3114 4368 3246 4442 pro

3034 4513 3244 4524 ——-

1024 4611 1078 4672 (¹)
1114 4614 1172 4664 E.
1207 4612 1476 4676 pecuniam
1511 4619 1735 4664 vestram
1768 4613 1944 4663 usibus
1975 4614 2158 4663 vestris
2190 4613 2545 4671 necessariam,
2582 4625 2677 4660 nec
2709 4623 2844 4659 eam.
