3704 5559
816 515 953 580 198
1528 526 1937 581 COMENTUM
1986 526 2430 580 PURGATonu

805 671 1013 764 quasi
1082 671 1317 746 dicat:
1393 671 1679 744 nullum
1757 691 2011 744 meum
2083 671 2457 765 meritum,
2527 691 2573 743 o
2634 674 2806 763 qual
2864 675 3152 764 qrazia,

805 793 1013 885 quasi
1061 792 1289 867 dicat:
1327 793 1479 867 sola
1530 791 1772 866 divina
1806 791 2066 888 gratia,
2103 794 2201 863 mi
2232 795 2619 882 ti‘mostra,
2671 791 2743 864 in
2803 790 2939 865 isto
2989 793 3152 867 loco

804 912 1172 987 solitario?
1223 916 1487 1002 cummi,
1538 934 1613 985 se
1663 915 1816 985 vien
1866 914 1935 984 d'
1962 915 2284 1006 inferum
2334 911 2716 986 audiverat
2752 912 2948 985 enim
2991 913 3147 1007 jam

804 1031 1174 1106 Sordellus
1209 1054 1253 1107 a
1290 1031 1586 1128 Virgilio
1622 1032 1822 1125 quod
1857 1031 2274 1126 perdiderat
2308 1031 2580 1105 coelum
2621 1031 2910 1107 defectu
2949 1032 3151 1127 fidei3

807 1152 969 1226 ideo
1012 1174 1157 1227 non
1207 1157 1494 1249 poterat
1547 1172 1708 1227 esse
1757 1153 1831 1225 in
1876 1153 2331 1248 purgatorio.
2376 1153 2463 1225 Et
2503 1152 2670 1226 dicit
2713 1152 2785 1225 in
2822 1152 3151 1247 speciali:

806 1295 844 1345 e
891 1276 968 1346 di
1016 1277 1186 1366 qual
1231 1277 1557 1368 chiostra,
1611 1273 1816 1366 idest,
1868 1272 1961 1348 de
2013 1294 2162 1366 quo
2213 1273 2511 1366 circu10,
2555 1273 2727 1367 quia
2780 1273 2993 1347 nimis
3044 1274 3154 1348 vi—

805 1391 1108 1468 deretur
1161 1394 1540 1490 indignum
1605 1393 1664 1467 si
1726 1399 1918 1468 esset
1976 1394 2250 1488 positus
2313 1393 2386 1465 in
2448 1394 2610 1467 loco
2672 1395 3151 1468 tenebrarum

809 1514 936 1608 qui
989 1514 1424 1589 illuminavit
1474 1521 1758 1589 tantum
1801 1514 2098 1588 mundi:
2153 1521 2227 1588 et
2280 1514 2492 1587 nimis
2528 1535 2607 1589 se
2644 1514 3003 1609 humiliat,
3044 1514 3154 1587 di-

806 1654 1001 1728 cenS,
1054 1638 1110 1707 s’
1134 1638 1206 1708 io
1255 1657 1386 1708 son
1435 1638 1662 1726 deyno
1714 1638 1782 1707 d’
1807 1638 1973 1707 udir
2024 1638 2085 1708 le
2135 1641 2243 1708 tue
2279 1636 2530 1726 parole
2547 1660 2579 1728 ;
2620 1654 2788 1728 quae
2854 1654 3154 1709 merue-

807 1761 981 1827 runt
1040 1755 1487 1830 audientiam
1549 1754 1986 1850 principum,
2047 1755 2197 1828 imo
2259 1761 2730 1828 extorserunt
2793 1755 3155 1852 lacrymas

804 1875 1136 1972 Augusto
1187 1876 1608 1973 dignissimo
1660 1875 1960 1970 principi
2018 1874 2236 1949 totius
2278 1875 2496 1949 orbis.
2527 1917 2625 1929 —
2653 1881 2790 1948 Per
2825 1879 2990 1949 tutti.
3028 1876 3157 1950 Hic

805 2000 1018 2089 poeta
1073 1995 1273 2090 ponit
1316 1994 1864 2090 responsionem
1905 1995 2172 2091 Virgilii
2210 1995 2302 2069 ad
2338 1995 2642 2089 quaesita
2680 1996 2986 2070 Sordelli
3030 1995 3154 2090 qui

806 2113 1045 2208 primo
1082 2114 1469 2209 respondet
1503 2114 1596 2188 ad
1647 2114 1718 2188 id
1771 2114 1969 2208 quod
2002 2114 2363 2209 petiverat
2396 2115 2770 2190 Sordellus
2793 2108 2892 2211 (¹),
2928 2116 2987 2190 si
3028 2137 3157 2190 ve-

809 2233 1055 2308 niebat
1105 2234 1199 2308 ab
1251 2234 1556 2310 inferno.
1610 2235 1793 2310 Dicit
1844 2257 2073 2332 ergo:
2135 2240 2254 2328 lui,
2309 2237 2601 2331 scilicet,
2654 2239 2992 2335 Virgilius
3052 2240 3153 2314 sic

806 2373 1226 2448 persuasus,
1278 2357 1547 2446 rispose
1572 2380 1595 2427 .-
1642 2358 1714 2428 io
1764 2377 1897 2428 son
1950 2364 2195 2429 venato
2230 2359 2305 2429 di
2338 2376 2502 2448 qua,
2540 2357 2829 2452 scilicet,
2866 2358 2939 2431 in
2972 2381 3155 2454 pur-

808 2472 1227 2568 gatorium3
1282 2480 1355 2547 et
1406 2474 1578 2568 quia
1630 2475 1750 2549 ille
1802 2475 2086 2549 dixerat
2135 2475 2227 2549 de
2280 2497 2431 2570 quo
2482 2477 2778 2572 circulo,
2832 2479 2994 2552 ideo
3043 2478 3151 2552 di-

804 2591 923 2687 cit,
970 2615 1102 2685 per
1182 2597 1330 2666 tucci
1391 2598 1418 2667 i
1464 2598 1691 2667 cerem·
1747 2598 1863 2668 del
1907 2597 2175 2669 dolente
2225 2618 2473 2689 re9n0,
2542 2598 2835 2694 scilicet,
2888 2598 3147 2675 inferni

809 2712 937 2806 qui
989 2718 1099 2787 est
1148 2713 1352 2788 locus
1402 2714 1736 2810 perpetui
1787 2714 2076 2790 doloris
2131 2717 2407 2792 Deinde
2466 2719 2854 2815 respondet
2919 2720 3012 2796 ad
3077 2720 3146 2796 id

807 2833 1005 2928 quod
1055 2833 1295 2928 primo
1346 2835 1706 2928 petiverat
1755 2834 2149 2930 SordelluS,
2202 2838 2495 2932 scilicet,
2550 2862 2717 2932 quae
2749 2832 2823 2933 (²)
2875 2843 3149 2938 gratia3

805 2956 880 3027 et
929 2952 1136 3026 dicit:
1193 2948 1386 3026 vertit
1436 2956 1551 3027 del
1587 2957 1736 3045 ciel,
1778 2954 2073 3050 scilicet,
2108 2958 2344 3053 gratia
2378 2960 2833 3053 praeveniens
2869 2969 2942 3036 et
2977 2964 3155 3037 sub-

807 3092 1125 3166 sequens
1189 3080 1261 3147 et
1336 3073 1654 3169 Beatrix,
1725 3079 1823 3149 mi
1882 3098 2129 3168 messe,
2193 3085 2275 3150 ut
2334 3085 2709 3154 ostensum
2779 3089 2889 3157 est
2955 3085 3152 3160 clare

807 3192 867 3263 11
932 3192 1250 3286 capitulo
1323 3194 1610 3288 Inferni,
1685 3217 1722 3267 e
1785 3216 1918 3267 con
1983 3199 2070 3269 lei
2144 3219 2410 3293 veyno,·
2478 3198 2597 3274 illa
2674 3220 2968 3298 semper
3024 3204 3154 3299 ju-

809 3316 1026 3384 vante
1079 3317 1152 3384 et
1202 3313 1654 3388 custodiente
1689 3335 1810 3389 me
1845 3336 1979 3410 per
2014 3317 2173 3391 loca
2211 3325 2363 3391 tam
2399 3339 2657 3414 aspera
2702 3328 2777 3396 et
2825 3324 3152 3416 pericula

809 3434 1029 3503 tanta.
1084 3430 1174 3503 Et
1224 3432 1394 3524 quia
1449 3432 1820 3508 Sordellus
1872 3443 2116 3530 posset
2165 3444 2439 3533 petere,
2477 3440 2651 3534 quid
2701 3442 2874 3517 mali
2926 3444 3149 3519 fecisti

806 3557 1105 3645 propter
1177 3553 1372 3645 quod
1434 3554 1529 3626 sis
1595 3554 2008 3652 damnatuS,
2062 3558 2230 3633 dicit
2283 3559 2659 3655 Virgilius:
2713 3565 2802 3636 Ιιο
2850 3569 3151 3658 perduto

806 3673 882 3745 di
929 3675 1137 3745 veder
1188 3676 1232 3745 l’
1258 3677 1401 3747 allo
1433 3678 1565 3766 sol,
1603 3676 1896 3772 scilicet,
1939 3679 2167 3754 solem
2211 3680 2536 3775 justitiae,
2572 3682 2836 3779 Deum,
2874 3687 3001 3780 qui
3037 3695 3148 3762 est

805 3791 1019 3867 altior
1070 3796 1223 3869 sole
1271 3796 1613 3892 sensibili,
1665 3804 1739 3872 et
1788 3800 1989 3872 omni
2043 3821 2355 3894 corpore
2404 3822 2629 3896 super
2682 3806 2982 3901 coelesti,
3032 3811 3156 3882 che

806 3919 877 3986 tu
914 3916 1141 4006 diam,
1177 3915 1382 4010 idest,
1420 3937 1644 4010 quem
1685 3924 1764 3991 tu
1799 3918 2168 3993 desideras
2203 3941 2376 3994 cum
2412 3928 2613 4014 certa
2656 3945 2784 4019 spe
2835 3926 3146 4022 videndi,

804 4046 966 4130 ego
996 4044 1176 4109 vero
1227 4038 1383 4111 sine
1433 4058 1598 4132 spe3
1636 4060 1673 4110 e
1715 4041 1835 4111 che
1868 4044 1949 4133 su
1984 4044 2176 4113 tardi
2196 4063 2333 4134 per
2378 4063 2485 4114 me
2518 4047 2937 4138 conosciutO,
2973 4048 3148 4142 quia

805 4154 1075 4229 scilicet
1124 4158 1362 4230 solum
1399 4165 1561 4250 post
1595 4166 1938 4255 mortem,
1977 4161 2246 4236 scilicet
2281 4162 2576 4256 quando
2610 4164 2939 4243 Christus
2978 4190 3149 4265 spo-

805 4272 1008 4347 liavit
1056 4275 1391 4371 limbum,
1445 4280 1738 4372 quando
1791 4302 1937 4354 non
1989 4289 2147 4356 erat
2187 4284 2501 4378 amplius
2547 4286 2991 4380 poenitentiae
3041 4291 3154 4364 lo-

804 4412 936 4467 cus
1003 4414 1136 4487 pro
1201 4396 1517 4491 Virgilio,
1588 4419 1733 4471 non
1787 4421 1921 4491 per
1993 4407 2182 4495 fare,
2248 4404 2518 4479 scilicet
2586 4413 2909 4503 peccata,
2971 4409 3144 4503 quia

930 4638 985 4704 (¹)
1020 4641 1078 4691 E.
1114 4641 1397 4704 Sordellus,
1432 4644 1629 4696 scilicet
1661 4660 1761 4711 qua
1796 4648 1976 4712 gratia,
2012 4656 2064 4701 et
2096 4653 2154 4701 si.
2531 4652 2583 4716 (¹)
2617 4655 2677 4704 E.
2711 4669 2811 4719 qua
2845 4659 3023 4720 gratia.
