3704 5559
1362 476 1640 532 CANTUS
1691 476 1976 530 ramus.
2753 464 2847 529 45

502 621 724 695 etiam
774 642 819 694 a
872 621 1085 694 simili
1136 621 1209 693 in
1262 621 1449 695 mari
1503 621 1732 695 siculo
1784 620 2020 693 insula
2053 618 2358 691 Vulcani
2392 619 2658 694 dicitur
2693 639 2854 694 esse

504 761 737 813 unum
792 742 1062 817 ostium
1116 742 1398 835 inferni,
1441 743 1614 835 quia
1666 761 1757 814 ex
1809 760 1892 815 se
1943 739 2207 814 emittit
2255 739 2579 813 tonitrua
2623 747 2697 814 et
2742 741 2852 813 in-

502 861 780 954 cendia,
836 863 908 934 in
961 883 1186 955 quem
1240 864 1484 937 locum
1554 862 1799 936 anima
1852 860 2276 934 Theodorici
2340 860 2531 956 regis
2589 862 2854 956 gotho-

503 1003 674 1054 rum
717 982 872 1057 visa
917 993 1027 1059 est
1061 982 1392 1079 demergi
1438 982 1727 1056 cuidam
1766 968 2019 1054 sancto
2054 980 2405 1054 eremitae.
2442 981 2565 1053 Est
2599 987 2851 1053 autem

502 1122 720 1196 poena
762 1102 1167 1199 purgatorii
1203 1102 1629 1195 durissima3
1683 1121 1852 1174 nam
1900 1099 2352 1195 Augustinus
2402 1100 2475 1173 in
2527 1099 2848 1193 quodam

501 1243 846 1298 sermone
884 1222 1056 1297 dicit
1099 1222 1297 1316 quod
1331 1222 1451 1295 ille
1501 1222 1685 1318 ignis
1737 1227 1846 1296 est
1879 1221 2134 1294 durior
2168 1242 2392 1315 quam
2448 1221 2848 1314 quicquam
2901 1239 2909 1247 ·

500 1363 893 1439 poenarum
946 1342 1022 1415 in
1071 1343 1212 1415 hoc
1263 1342 1532 1414 saeculo
1585 1340 1747 1433 quis
1800 1340 2021 1435 possit
2070 1339 2352 1433 audire,
2406 1340 2679 1432 videre,
2732 1338 2854 1413 vel

501 1462 848 1558 cogitare.
918 1463 1028 1534 Ex
1099 1462 1207 1535 his
1270 1482 1449 1556 ergo
1532 1461 1908 1535 evidenter
1982 1465 2286 1554 apparet
2355 1459 2551 1552 quod
2631 1466 2852 1531 autor

500 1580 846 1656 describit
896 1580 1009 1655 hic
1061 1582 1304 1655 locum
1358 1580 1761 1675 purgatorii
1799 1580 2197 1654 moraliter.
2237 1582 2324 1652 Et
2366 1579 2625 1652 ultimo
2670 1580 2851 1652 Cato

503 1701 631 1775 dat
680 1700 976 1775 tertium
1028 1709 1101 1775 et
1155 1700 1495 1773 ultimum
1550 1699 2079 1773 documentum
2131 1699 2517 1794 optimum,
2561 1698 2848 1770 dicens:

496 1804 741 1914 poscia
789 1840 936 1893 non
972 1823 1094 1924 „sia
1142 1821 1218 1892 di
1267 1841 1408 1912 qua
1459 1826 1700 1893 vostra
1748 1822 2053 1909 reddita,
2096 1818 2269 1911 quia
2306 1820 2530 1891 homo
2566 1818 2852 1912 ingres·

501 1960 628 2013 sus
673 1939 1212 2036 purgatorium,
1264 1939 1446 2013 idest
1500 1938 2025 2033 poenitentiam,
2078 1959 2223 2012 non
2275 1938 2491 2012 debet
2534 1937 2846 2032 amplius

503 2059 745 2134 redire
810 2080 1071 2134 versus
1134 2060 1525 2153 infernum,
1579 2060 1782 2150 idest,
1849 2058 2044 2152 vitia,
2095 2080 2140 2132 a
2203 2058 2473 2151 quibus
2524 2058 2841 2133 recessit.

503 2180 591 2253 Et
655 2180 1044 2276 respondet
1106 2181 1489 2273 quaestioni
1544 2180 1800 2273 tacitae,
1852 2179 2026 2272 quia
2085 2184 2330 2273 posset
2379 2178 2625 2254 dicere
2687 2179 2850 2251 Vir-

501 2300 764 2395 gilius:
817 2306 892 2373 et
942 2299 1104 2392 quis
1154 2299 1421 2394 diriget
1472 2320 1604 2372 nos
1656 2299 1727 2371 in
1762 2298 1958 2372 viam
2011 2298 2360 2371 virtutis?
2412 2298 2845 2393 respondet:

502 2420 572 2493 lo
619 2422 751 2511 sol,
784 2421 905 2491 che
934 2440 1147 2510 surye
1194 2422 1412 2509 omai,
1466 2420 1649 2493 idest
1700 2419 1943 2512 incipit
1986 2417 2162 2492 oriri
2205 2423 2364 2512 post
2395 2418 2843 2509 Luciferum,

503 2541 574 2612 υἱ
618 2525 968 2613 mostrerd
994 2542 1305 2633 prender
1348 2543 1416 2612 lo
1452 2547 1705 2631 monte,
1742 2539 1946 2632 idest,
1989 2538 2233 2612 radius
2275 2537 2538 2612 divinae
2591 2539 2847 2633 gratiae

504 2660 630 2755 qui
678 2659 919 2734 oritur
967 2660 1042 2734 in
1092 2661 1463 2736 intellectu
1516 2660 1773 2737 talium
1830 2660 2200 2733 viatorum
2262 2657 2596 2733 ostendet
2647 2657 2852 2733 vobis

501 2778 823 2855 arduum
873 2779 1013 2855 iter
1064 2781 1371 2855 virtutis.
1434 2783 1522 2853 Et
1577 2779 1791 2855 dicit:
1859 2801 1907 2850 a
1965 2773 2089 2870 pi&
2157 2781 2327 2851 lieve
2382 2779 2617 2867 salita,
2670 2776 2854 2851 idest

503 2901 815 2998 carpetis
865 2907 1217 2996 montem,
1256 2901 1381 2974 ubi
1422 2900 1802 2974 invenietis
1855 2900 2050 2974 viam
2104 2898 2647 2973 faciliorem.—
2674 2889 2846 2969 Cosi.

501 3024 710 3098 Nunc
760 3027 973 3118 poeta
1015 3020 1321 3096 intendit
1353 3021 1740 3096 ostendere
1763 3020 2090 3113 ¹qualiter
2125 3018 2476 3114 Virgilius·
2500 3017 2854 3111 adimple-

502 3142 692 3219 verit
738 3148 1102 3238 praecepta
1153 3141 1443 3214 Catonis
1493 3160 1672 3236 erga
1721 3160 1832 3233 se3
1886 3145 1961 3213 et
2010 3139 2248 3233 primo
2298 3137 2609 3213 ostendit
2659 3157 2852 3229 quo-

504 3261 726 3338 modo
773 3260 1297 3358 praeparaverit
1354 3281 1434 3334 se
1498 3260 1593 3334 ad
1662 3259 2153 3353 recipiendam
2214 3257 2662 3352 disciplinam
2733 3255 2846 3329 sui

501 3380 728 3457 ducis.
778 3379 985 3466 Unde
1032 3379 1465 3455 continuans
1516 3379 1705 3453 dicta
1766 3377 2107 3472 dicendiS‚
2160 3376 2374 3452 dicit:
2427 3369 2570 3449 cosi
2625 3367 2850 3468 spari,

503 3500 774 3576 scilicet
820 3500 943 3575 ille
990 3499 1191 3594 Cam,
1244 3507 1310 3573 et
1363 3503 1434 3572 io
1495 3520 1578 3571 su
1643 3501 1740 3570 mi
1803 3501 2006 3589 tevai,
2077 3496 2248 3590 quia
2314 3495 2552 3591 primo
2615 3495 2853 3568 stabat

503 3641 727 3719 super
773 3640 1021 3718 genua
1072 3640 1207 3694 sua
1261 3624 1690 3694 reverenter
1741 3625 1915 3692 ante
1967 3618 2343 3711 Catonem,
2394 3638 2612 3690 senza
2668 3637 2852 3707 par-

501 3743 681 3834 lare,
731 3746 1124 3837 expectans
1175 3739 1392 3814 tacite
1428 3743 1502 3813 et
1541 3744 1819 3812 attente
1854 3737 2030 3830 quid
2079 3737 2229 3810 dux
2282 3741 2475 3810 esset
2521 3741 2851 3827 acturuS,

500 3879 542 3937 e
588 3867 755 3937 hato
816 3864 915 3934 mi
969 3862 1256 3934 nwassi
1322 3861 1400 3932 al
1456 3861 1637 3932 duca
1705 3861 1873 3949 mie,
1942 3857 2113 3950 quia
2174 3855 2536 3930 contraxit
2592 3873 2851 3927 omnes

502 3980 699 4058 ἴτω
763 3980 1064 4055 rationis
1128 3977 1203 4052 in
1270 3999 1505 4051 unum
1575 3976 1933 4050 meditans
2001 3975 2194 4049 circa
2271 3992 2549 4047 novum
2623 3991 2810 4044 onus
2826 3995 2847 4064 3

500 4099 701 4176 unde
747 4098 964 4174 dicit:
1015 4119 1054 4171 e
1100 4100 1202 4190 qli
1237 4099 1430 4188 occhi
1470 4118 1519 4168 a
1550 4099 1648 4169 lui
1677 4097 1988 4186 drizzai,
2024 4093 2233 4188 quasi
2269 4092 2638 4167 dicerem:
2675 4111 2851 4166 ecce

502 4235 635 4298 me
676 4226 1017 4318 paratum
1070 4219 1316 4294 facere
1363 4217 1789 4292 obedienter
1838 4214 2088 4289 omnia
2130 4215 2509 4308 imperata.
2548 4212 2633 4285 Et
2671 4232 2850 4286 con-

498 4331 717 4420 tinuo
758 4339 1137 4438 subiungit
1183 4344 1637 4435 praeceptum
1689 4335 1989 4431 Virgilii,
2031 4334 2317 4410 dicens:
2370 4337 2434 4408 ei
2481 4328 2847 4423 nominoio,

500 4463 775 4541 scilicet
820 4462 943 4537 ille
982 4459 1322 4558 Virgilius
1356 4457 1578 4553 coepit
1610 4456 1856 4532 dicere
1888 4456 2367 4552 praeceptive:
2402 4457 2597 4545 sequi
2626 4455 2654 4524 i
2686 4454 2844 4523 miei

498 4585 722 4679 passi,
773 4580 948 4676 quia
996 4580 1057 4655 si
1106 4599 1400 4675 semper
1450 4582 1751 4652 secutus
1800 4596 1882 4651 es
1939 4597 2073 4671 per
2126 4576 2519 4668 infernum,
2573 4576 2849 4665 quanto
