3704 5559
858 480 946 545 16
1572 491 1982 545 coMEN'rUM
2035 492 2476 546 PURGATonu

848 636 989 708 hoc
1051 635 1173 727 sic,
1229 634 1431 727 idest,
1486 640 1982 728 praeterquam
2036 635 2131 708 ab
2183 635 2414 708 Adam
2477 640 2550 708 et
2614 636 2802 729 Eva3
2874 635 2997 709 sed
3061 635 3195 708 ista

845 760 955 828 est
1006 754 1220 826 nimis
1271 754 1519 827 stricta
1577 755 1956 848 expositio,
2011 754 2181 848 quia
2243 754 2459 849 primi
2526 763 2863 849 parentes
2930 775 3194 847 parum

844 880 1205 948 steterunt
1265 874 1338 947 in
1406 881 1599 950 statu
1667 876 2122 970 innocentiae,
2187 882 2262 949 et
2329 875 2545 947 nimis
2611 875 2828 969 pauci
2895 875 3198 948 fuissent

843 995 1165 1068 cultores
1203 995 1507 1068 istarum
1547 995 1947 1089 virtutum3
1976 1003 2048 1070 et
2076 1002 2325 1070 tamen
2360 997 2603 1069 statim
2641 997 2971 1070 ostendet
3000 995 3198 1089 quod

845 1114 1023 1187 Cato
1083 1114 1218 1187 suit
1285 1115 1686 1189 illustratus
1748 1117 1874 1190 eiS.
1946 1117 2080 1190 Alii
2151 1124 2551 1211 exponunt,
2604 1123 3101 1210 praeterquam
3152 1136 3198 1189 a

847 1235 1085 1329 prima
1136 1242 1381 1330 gente,
1434 1236 1617 1310 idest
1656 1238 1749 1309 ab
1801 1237 2218 1311 hominibus
2263 1238 2522 1331 primae
2571 1237 2824 1328 aetatis,
2870 1256 3038 1330 quae
3087 1235 3198 1308 di-

847 1355 1040 1428 citur
1091 1354 1311 1428 fuisse
1362 1376 1614 1450 aurea,
1669 1378 1836 1450 quae
1882 1358 2241 1454 ignoravit
2284 1358 2455 1430 vitia
2500 1364 2574 1430 et
2609 1342 3035 1430 innocenter
3070 1376 3198 1429 co-

848 1477 982 1549 luit
1032 1475 1388 1550 virtutes:
1441 1477 1569 1550 sed
1620 1478 1917 1570 quando
1969 1478 2101 1552 ista
2153 1485 2330 1551 aetas
2393 1478 2614 1552 suerit
2680 1498 2824 1550 non
2880 1476 3192 1550 invenio.

845 1594 986 1670 Sed
1038 1595 1260 1669 credo
1312 1597 1508 1688 quod
1561 1603 1774 1690 poeta
1829 1598 2001 1671 velit
2035 1597 2303 1691 dicere,
2341 1597 2538 1690 quod
2582 1596 2827 1670 miseri
2865 1594 3195 1668 moderni

842 1716 1316 1809 perdiderunt
1366 1716 1719 1791 visionem
1785 1717 2092 1790 istarum
2159 1723 2482 1810 quatuor
2545 1716 2947 1808 stellarum,
3015 1736 3198 1808 quas

838 1836 1120 1929 antiqui
1174 1837 1401 1909 nostri
1451 1838 1642 1911 bene
1693 1837 2059 1929 viderunt,
2102 1844 2176 1911 et
2211 1838 2558 1911 vixerunt
2608 1836 3070 1909 ambulantes
3103 1834 3194 1907 ad

843 1957 1089 2030 lucem
1143 1978 1431 2049 earum,
1480 1957 1573 2030 ad
1627 1978 1811 2051 quas
1865 1965 2154 2031 caeterae
2221 1958 2530 2031 virtutes
2594 1958 2912 2030 morales
2977 1955 3197 2029 redu-

840 2082 1137 2168 cuntur,
1189 2077 1373 2150 sicut
1425 2076 1704 2169 antiqui
1770 2079 2078 2169 romani.
2134 2078 2338 2151 Unde
2402 2077 2856 2173 Augustinus
2917 2076 3044 2147 XV
3109 2075 3199 2148 de

841 2195 1148 2270 Civitate
1198 2195 1372 2268 Dei:
1427 2198 1720 2269 ostendit
1766 2202 1954 2269 Deus
2003 2199 2078 2268 in
2128 2199 2638 2288 opulentissimo
2685 2216 2908 2286 reqno
2952 2216 3199 2265 roma-

842 2334 1098 2386 norum
1161 2321 1494 2404 quantum
1558 2317 1785 2387 civiles
1850 2318 2131 2387 virtutes
2199 2318 2479 2388 valeant
2541 2319 2748 2385 etiam
2814 2318 2962 2385 sine
3027 2334 3198 2384 vera

842 2435 1178 2522 reliyione
1208 2459 1230 2504 .·
1296 2439 1369 2507 et
1429 2434 1676 2529 magni
1726 2425 1795 2524 (¹)
1863 2435 2263 2529 philosophi
2327 2440 2399 2507 et
2460 2440 2696 2528 poetae
2762 2443 2912 2509 tam
2977 2431 3196 2528 graeci

841 2572 1069 2645 quam
1121 2553 1339 2626 latini.
1396 2554 1483 2625 Et
1533 2552 1667 2627 ista
1718 2553 2007 2627 videtur
2060 2574 2237 2627 vera
2290 2553 2591 2626 intentio
2644 2554 2944 2645 autoris,
3000 2552 3194 2645 quod

841 2672 996 2767 ipse
1047 2674 1245 2747 clare
1296 2674 1707 2747 manifestat
1755 2674 1944 2747 infra
1995 2674 2313 2768 capitulo
2375 2674 2587 2767 Vllu,
2640 2673 2763 2746 ubi
2815 2673 2984 2746 dicit
3036 2672 3196 2744 Vir-

841 2793 1080 2889 giliuS,
1135 2795 1332 2887 quod
1384 2801 1526 2868 stat
1577 2817 1749 2869 cum
1803 2795 1940 2868 illis
1991 2795 2115 2888 qui
2168 2797 2381 2889 plene
2447 2801 2812 2869 noverunt
2873 2801 3195 2888 quatuor

838 2912 1147 2987 virtutes
1198 2921 1334 2989 etc.
1389 2916 1476 2987 Et
1526 2915 1849 2989 declarat
1901 2915 2405 2989 excellentiam
2468 2914 2968 3009 pulcritudinis
3022 2915 3196 2988 ista-

841 3054 1010 3105 rum
1065 3034 1441 3107 stellarum
1495 3034 1786 3108 dicens:
1839 3038 2063 3125 yoder
2100 3057 2381 3126 pareva
2430 3039 2485 3106 il
2531 3039 2660 3108 ciel
2705 3038 2779 3107 di
2826 3038 2941 3107 lor
2982 3039 3195 3125 fiam-

838 3156 1069 3242 melle,
1139 3154 1307 3246 quia
1377 3153 1512 3225 viri
1584 3155 1918 3228 coelestes
1988 3155 2322 3227 illustrati
2392 3155 2609 3226 radiis
2669 3174 2958 3244 earum,
3025 3172 3192 3243 quae

840 3269 1163 3366 dirigunt
1216 3272 1549 3345 homines
1598 3272 1689 3345 ad
1738 3273 2187 3365 felicitatem3
2226 3280 2299 3345 et
2350 3273 2524 3365 quia
2577 3271 2908 3344 moderni
2960 3269 3194 3343 desie-

842 3399 1020 3464 runt
1070 3393 1315 3466 colere
1367 3414 1513 3487 eaS‚
1559 3393 1721 3467 ideo
1766 3394 2007 3466 statim
2046 3400 2261 3487 poeta
2298 3413 2389 3466 ex
2432 3392 2686 3465 dolore
2738 3397 2809 3464 et
2862 3390 3194 3485 indigna-

841 3511 1041 3585 tione
1092 3512 1552 3607 indignanter
1602 3514 2006 3586 exclamat:
2055 3535 2125 3604 o,
2180 3511 2383 3605 idest,
2422 3511 2605 3596 dico,
2640 3514 2771 3583 sito
2805 3512 3196 3583 settenlm‘o-

841 3635 992 3722 nal,
1046 3654 1175 3725 per
1228 3634 1365 3706 hoc
1407 3633 1735 3729 intelligit
1775 3634 2034 3707 orbem
2082 3653 2478 3706 romanum
2522 3631 3022 3722 christianum,
3065 3628 3190 3721 qui

841 3758 950 3826 est
1002 3752 1282 3826 vicinus
1352 3760 1835 3827 tramontanae
1907 3760 1981 3826 et
2045 3754 2212 3848 polo
2280 3758 2529 3824 nostro
2597 3749 3191 3845 septemtrionali,

839 3872 1010 3947 licet
1058 3880 1301 3967 posset
1353 3875 1560 3969 large
1608 3873 1908 3969 intelligi
1960 3873 2052 3947 de
2104 3873 2445 3948 omnibus
2507 3871 2988 3944 incolentibus
3039 3876 3190 3943 ter-

843 4014 1004 4066 ram
1060 4001 1387 4068 nostram
1440 3993 1937 4087 habitabilem,
1984 3994 2108 4087 qui
2162 4013 2420 4066 omnes
2472 3991 2717 4064 vident
2767 3991 3005 4084 ipsum
3059 4010 3193 4082 po-

842 4114 1025 4205 lum,
1080 4114 1248 4187 licet
1299 4115 1531 4211 magis
1583 4114 2212 4209 septemtrionales
2247 4119 2320 4186 et
2355 4110 2858 4202 occidentaleS,
2899 4111 3190 4200 vedovO,

842 4232 1046 4325 idest,
1098 4233 1480 4307 viduatum
1536 4242 1610 4308 et
1669 4235 2057 4328 spoliatum
2126 4238 2326 4305 tanta
2390 4229 2721 4303 claritate
2771 4229 3189 4320 stellarum3

843 4351 1039 4425 unde
1073 4350 1280 4424 dicit:
1324 4356 1453 4444 poi
1500 4356 1619 4425 che
1661 4358 1945 4446 privato
1992 4356 2085 4425 se'
2112 4354 2187 4423 di
2236 4353 2445 4423 veder
2491 4351 2751 4440 quelle!
2771 4390 2868 4401 —
2894 4351 3079 4420 Com'
3093 4351 3183 4420 io.

966 4598 1025 4663 (¹)
1058 4600 1121 4650 E.
1154 4605 1208 4650 et
1240 4603 1420 4665 magis.
