3704 5559
781 508 787 514 .
870 463 1010 528 518
1591 468 2000 523 com-:NTUM
2051 468 2486 522 PURGA'romr

867 877 1198 945 CANTUS
1244 877 1728 958 VIGESIMUS‚
1789 879 1863 944 in
1924 899 2043 962 quo
2105 882 2338 943 tractat
2397 877 2473 943 de
2530 876 2761 942 eisdem
2819 876 3037 942 avaris
3095 876 3211 942 sub

1018 990 1200 1056 titulo
1237 990 1562 1056 cuiusdam
1590 988 1887 1074 Huyonis
1923 987 2229 1071 Ciapettae
2275 990 2352 1054 de
2385 987 2672 1054 Parisiis
2717 987 2866 1053 olim
2898 987 3109 1070 prolis
3153 994 3214 1052 et

1023 1102 1292 1184 oriyinis
1334 1122 1553 1184 reyum
1581 1101 1971 1182 francorum,
2010 1103 2119 1183 qui
2146 1099 2347 1165 multa
2392 1099 2556 1166 dixit
2599 1099 2676 1164 de
2719 1099 2911 1180 factis
2957 1099 3210 1164 illorum

1017 1234 1238 1296 reyum
1283 1233 1358 1277 ac
1402 1215 1590 1277 etiam
1653 1213 1730 1278 de
1784 1212 1967 1277 modo
2028 1212 2421 1278 liberationis
2478 1212 2838 1277 animarum
2851 1235 2871 1291 ,-
2936 1216 2995 1277 et
3052 1211 3213 1277 siout

1022 1323 1351 1389 desoussus
1394 1327 1486 1389 est
1527 1342 1712 1417 mons·
1736 1328 2009 1406 propter
2050 1322 2479 1389 liberationem
2522 1321 2717 1389 Statii
2759 1323 3050 1389 doctoris.

1029 1607 1406 1775 CONTRA
1442 1707 1724 1794 miylior
1758 1707 1977 1794 voler,
2007 1707 2200 1776 voler
2233 1707 2379 1776 mal
2399 1724 2664 1795 puyna.
2704 1705 3099 1798 Postquam
3134 1704 3205 1776 in

863 1827 1297 1922 praecedenti
1348 1826 1667 1920 capitulo
1720 1830 1936 1919 poeta
1981 1830 2228 1898 noster
2271 1823 2608 1897 tractavit
2649 1831 2722 1896 et
2763 1823 3206 1899 determina-

866 1947 966 2020 vit
1012 1947 1104 2021 de
1138 1946 1460 2043 generali
1498 1966 1715 2040 poena
1750 1950 1822 2018 et
1861 1944 2297 2040 purgatione
2332 1964 2759 2036 avarorum,
2800 1965 2995 2017 nunc
3028 1965 3201 2016 con-

864 2071 1258 2158 sequenter
1310 2066 1382 2137 in
1427 2064 1770 2159 praesenti
1806 2064 1941 2136 XX
1976 2063 2295 2158 capitulo
2330 2062 2544 2137 docet
2579 2063 2811 2136 vitare
2846 2070 2918 2138 et
2954 2065 3207 2161 sugere

863 2185 1055 2257 istud
1105 2204 1504 2256 commune
1559 2184 1838 2255 malum
1894 2182 2198 2257 humani
2250 2182 2540 2278 generis
2586 2183 2851 2276 duplici
2895 2185 3034 2278 via,
3071 2184 3209 2257 sci-

866 2303 1056 2396 licet,
1108 2301 1631 2375 considerando
1669 2302 1899 2374 bonos
1934 2302 2238 2374 effectus
2274 2303 2625 2399 largitatis
2666 2311 2740 2377 et
2776 2304 3208 2378 voluntariae

864 2423 1332 2517 paupertatis,
1387 2427 1460 2495 et
1510 2419 1814 2495 effectus
1867 2442 2131 2514 pravos
2183 2422 2508 2495 avaritiae
2544 2430 2618 2496 et
2657 2423 3086 2517 cupiditatis.
3121 2424 3207 2495 Et

863 2543 1055 2615 istud
1105 2542 1508 2636 capitulum
1562 2541 1637 2613 in
1687 2562 1837 2634 quo
1898 2547 2115 2614 autor
2176 2541 2530 2615 hostiliter
2593 2541 2903 2638 insurgit
2954 2548 3209 2616 contra

866 2661 1249 2736 avaritiam
1305 2660 1577 2734 infestis
1628 2660 1878 2754 armis,
1916 2660 2207 2733 videtur
2238 2659 2705 2734 dividendum
2760 2660 2831 2733 in
2887 2668 3208 2755 quatuor

863 2789 1109 2877 partes
1144 2783 1566 2879 generales3
1602 2782 1675 2854 in
1711 2782 1950 2876 prima
1985 2802 2306 2874 quarum
2350 2788 2564 2874 poeta
2598 2777 3005 2855 detestatur
3033 2803 3209 2857 ava-

862 2903 1106 2978 ritiam
1159 2910 1231 2976 et
1283 2902 1750 2977 commendat
1802 2901 2334 2976 liberalitatem.
2377 2901 2456 2973 In
2503 2902 2824 2976 secunda
2875 2902 3209 2976 introdu-

861 3024 958 3097 cit
1010 3045 1244 3096 unum
1302 3024 1618 3097 nobilem
1673 3022 2011 3116 spiritum
2071 3042 2383 3094 avarum
2439 3028 2511 3096 et
2561 3021 2958 3116 principem
3016 3021 3209 3093 mul-

859 3148 1105 3215 torum
1152 3163 1581 3234 avarorum,
1617 3142 1745 3235 qui
1780 3148 2114 3214 recenset
2152 3162 2418 3236 magna
2456 3142 2649 3214 mala
2690 3140 3205 3213 committenda

860 3282 993 3355 per
1044 3282 1504 3335 successores
1555 3282 1750 3354 suoS,
1806 3260 2222 3355 impellente
2274 3260 2605 3354 avaritia,
2648 3261 2784 3333 ibi:
2840 3266 2899 3333 O
2941 3264 3198 3332 anima.

859 3382 939 3452 In
993 3380 1204 3452 tertia
1255 3380 1488 3453 dictus
1541 3380 1834 3474 spiritus
1888 3380 2323 3453 transcurrit
2358 3380 2692 3454 enormia
2729 3387 3025 3474 peccata
3066 3379 3206 3452 mi-

860 3519 1200 3572 serorum
1253 3519 1653 3572 avarorum
1707 3498 1895 3570 mira
1947 3498 2326 3593 brevitate,
2383 3500 2515 3573 ibi:
2561 3492 2679 3572 Cio
2724 3503 2909 3571 ch’io
2946 3503 3201 3572 diceva.

859 3619 938 3691 In
993 3626 1260 3712 quarta
1312 3623 1384 3691 et
1432 3618 1685 3691 ultima
1722 3618 2062 3692 describit
2098 3619 2465 3711 quoddam
2506 3620 2840 3694 mirabile
2873 3619 3203 3694 accidens

860 3737 1058 3833 quod
1111 3737 1409 3812 emersit
1461 3736 1581 3831 ibi,
1634 3736 1770 3809 ibi:
1828 3740 1966 3809 Noi
2015 3759 2329 3810 eravam.
2386 3738 2490 3811 Ad
2541 3738 2866 3832 primum
2907 3739 3203 3813 veniens

858 3858 1043 3953 dic0,
1097 3860 1294 3953 quod
1345 3864 1560 3953 poeta
1611 3863 1862 3931 noster
1914 3857 2317 3932 detestatur
2366 3858 2748 3932 avaritiam
2792 3879 2966 3932 cum
3002 3879 3204 3932 com-

862 3979 1329 4054 mendatione
1382 3977 1771 4074 largitatis3
1826 3976 1953 4050 sed
2006 3977 2243 4071 primo
2294 3978 2666 4073 praemittit
2721 3979 3205 4052 continuatio-

861 4120 1056 4194 nem,
1109 4106 1183 4174 et
1235 4100 1392 4173 vult
1444 4098 1767 4172 breviter
1817 4096 2084 4189 dicere,
2139 4098 2334 4190 quod
2396 4097 2694 4171 recessit
2743 4097 2836 4171 ab
2889 4098 3009 4171 illo
3060 4096 3204 4192 spi-

863 4218 1004 4290 ritu
1063 4218 1401 4310 quamvis
1454 4239 1600 4291 non
1653 4224 2064 4310 contentuS,
2101 4216 2274 4309 quia
2309 4217 2695 4291 affectabat
2729 4218 2969 4291 adhuc
3006 4216 3204 4309 loqui

861 4356 1034 4409 cum
1064 4330 1138 4426 (¹)
1191 4356 1304 4429 e0,
1357 4337 1485 4410 sed
1554 4358 1698 4409 non
1762 4336 2016 4430 potuit.
2080 4336 2262 4409 Dicit
2324 4358 2539 4433 ergo:
2626 4340 2850 4427 Voler,
2912 4337 3202 4428 scilicet,

989 4595 1042 4657 (¹)
1074 4595 1133 4645 E.
1168 4610 1287 4645 cum
1320 4597 1413 4647 illo
1445 4597 1632 4661 aliqua,
1667 4611 1772 4647 non
1804 4603 1973 4647 tamen
2009 4598 2191 4660 potuit.
