3704 5559
844 472 936 536 26
1569 478 1975 534 COMENTUM
2025 478 2464 535 PURGAToRn

839 624 1079 719 primo
1130 622 1255 716 qui
1322 622 1462 698 sint
1521 623 1647 716 qui
1712 631 2107 697 evaserunt
2175 624 2269 698 ab
2335 623 2641 717 inferne,
2707 625 2906 699 unde
2969 626 3183 699 dicit:

840 747 1004 816 diss’
1029 746 1093 815 ei
1117 769 1139 813 .·
1191 742 1463 816 scilicet
1503 742 1624 816 ille
1665 744 1841 816 Cato
1879 750 2025 817 tam
2067 744 2495 837 luminosuS,
2537 747 2646 816 chi
2683 748 2841 817 siete
2889 750 3027 836 voi,
3079 747 3189 820 lo-

842 856 1094 957 quitur
1120 883 1293 936 cum
1320 862 1802 938 admiratione
1834 864 2069 937 factus
2106 863 2435 957 stupidus
2470 866 2790 939 novitate
2828 867 2933 941 rei
2970 890 3189 940 num-

843 1004 1068 1077 quam
1120 984 1297 1057 alias
1350 983 1545 1076 visae,
1600 986 1940 1056 movendo
1991 987 2207 1077 quelle
2257 991 2485 1056 oneste
2529 987 2787 1076 piume,
2833 986 3036 1080 idest,
3080 988 3191 1062 lo-

844 1104 1171 1197 quendo,
1210 1105 1347 1177 hoc
1382 1124 1516 1198 pro
1553 1110 1754 1178 tanto
1788 1103 1979 1196 dicit,
2018 1104 2191 1197 quia
2231 1105 2595 1196 loquendo
2632 1106 2978 1180 movebat
3011 1108 3191 1201 pilos

841 1223 1094 1297 barbae
1145 1224 1220 1295 in
1278 1224 1462 1298 facie
1532 1244 1665 1297 sua
1736 1225 2062 1315 honesta,
2129 1226 2247 1295 che
2296 1231 2542 1296 contro
2609 1227 2686 1297 al
2743 1227 2924 1297 cieco
2982 1231 3191 1317 fiume

838 1346 1110 1436 fuqyilo
1162 1350 1354 1415 avete
1404 1345 1476 1414 la
1513 1345 1844 1434 primone
1894 1349 2183 1415 eterna?
2233 1342 2436 1435 idest,
2492 1343 2882 1416 infernum.
2937 1346 3024 1417 Et
3076 1347 3191 1420 hic

843 1470 1016 1537 nota
1067 1464 1264 1556 quod
1317 1463 1531 1535 multi
1582 1473 1978 1558 exponunt,
2034 1462 2230 1556 quod
2279 1470 2495 1558 poeta
2547 1469 2760 1537 vocat
2818 1463 3192 1539 Acheron-

844 1589 992 1657 tem
1047 1603 1329 1656 caecum
1380 1583 1679 1676 flumen,
1727 1582 1927 1675 quod
1968 1589 2078 1656 est
2128 1583 2429 1656 omnino
2476 1583 2743 1655 falsum
2798 1590 2872 1657 et
2922 1584 3191 1678 impos-

842 1703 1068 1794 sibile,
1134 1702 1307 1795 quia
1377 1701 1488 1773 isti
1550 1723 1696 1774 non
1766 1702 2149 1775 exiverant
2213 1701 2305 1776 de
2371 1701 2653 1775 inferno
2716 1724 2848 1796 per
2915 1705 3190 1778 flumen

838 1820 1265 1895 Acherontis
1298 1840 1430 1914 per
1475 1821 1671 1913 quod
1714 1820 2207 1914 intraverant3
2247 1827 2320 1894 ct
2355 1821 2414 1893 si
2451 1821 2768 1894 exissent
2805 1843 2953 1895 non
2991 1831 3192 1897 tran-

840 1940 1099 2013 sissent
1150 1940 1242 2013 ad
1299 1939 1823 2034 hemisperium
1862 1941 2186 2033 inferiuS,
2241 1961 2376 2014 nec
2429 1962 2760 2034 unquam
2813 1943 3194 2035 pervenis-

844 2066 1005 2133 sent
1055 2058 1148 2132 ad
1206 2060 1763 2154 purgatorium3
1819 2060 1946 2133 sed
1992 2060 2304 2153 appellat
2345 2080 2624 2133 caecum
2669 2061 2946 2134 flumen
2990 2061 3192 2133 illum

846 2179 1170 2252 rivulum
1213 2178 1339 2272 qui
1377 2179 1701 2251 nascitur
1735 2179 1827 2252 ad
1865 2179 2146 2254 radices
2190 2181 2456 2253 montis
2501 2181 2906 2275 purgatorii
2942 2187 3196 2254 contra

846 2298 1240 2390 infernum,
1295 2297 1467 2389 quia
1519 2297 1796 2370 directe
1846 2320 2041 2391 aqua
2090 2299 2495 2395 purgatorii
2538 2300 2929 2394 opponitur
2979 2321 3193 2393 aquae

846 2416 1205 2508 infernali,
1244 2436 1412 2508 quae
1462 2437 1658 2508 aqua
1700 2422 1809 2490 est
1849 2419 2161 2511 occulta,
2201 2419 2373 2511 quia
2410 2419 2680 2492 labitur
2714 2420 2852 2493 sub
2892 2426 3192 2513 terram,

849 2544 929 2610 ut
970 2536 1203 2630 patuit
1239 2536 1432 2609 finali
1469 2537 1786 2631 capitulo
1819 2538 2110 2632 Inferni,
2147 2545 2404 2612 contra
2443 2539 2653 2612 cuius
2689 2560 2992 2612 cursum
3030 2539 3193 2612 Vir-

846 2659 1062 2753 gilius
1114 2664 1185 2730 et
1225 2657 1494 2730 Dantes
1530 2678 1727 2731 nunc
1762 2666 2158 2732 venerant:
2204 2659 2744 2755 imaginabatur
2786 2661 2964 2734 Cato
3000 2659 3195 2752 quod

846 2778 959 2851 isti
1027 2784 1269 2852 essent
1345 2777 1436 2851 de
1508 2799 1824 2852 numero
1894 2779 2455 2873 damnatorum,
2523 2781 2685 2854 ideo
2749 2779 3193 2874 mirabatur3

847 2899 1042 2972 unde
1092 2899 1261 2972 facit
1312 2899 1711 2973 secundam
1763 2899 2187 2992 petitionem
2240 2907 2315 2973 et
2366 2900 2581 2973 dicit:
2635 2903 2742 2972 chi
2796 2904 2859 2973 v’
2885 2904 2977 2972 Ιια
3040 2904 3197 2991 qm·-

844 3021 1042 3091 dati?
1075 3039 1118 3090 ο
1169 3021 1279 3090 chi
1326 3021 1395 3090 υἱ
1434 3023 1517 3111 su
1568 3023 1881 3110 lucerna,
1935 3020 2144 3112 quasi
2195 3019 2424 3093 dicat:
2474 3026 2549 3094 et
2588 3021 2646 3092 si
2696 3021 2797 3094 sic
2850 3028 2957 3094 est
3000 3021 3197 3114 quod

846 3137 1222 3211 evaseritis
1272 3137 1366 3209 ab
1428 3137 1734 3232 inferno,
1791 3159 1939 3231 quo
1990 3139 2203 3233 duce,
2256 3147 2329 3213 et
2362 3134 2432 3232 (¹)
2490 3161 2661 3213 cum
2716 3161 2866 3233 quo
2919 3141 3196 3213 lumine

844 3255 1178 3351 potuistis
1237 3254 1492 3328 venire
1553 3276 1685 3349 per
1748 3258 2123 3332 tramitem
2190 3264 2342 3331 tam
2413 3260 2840 3333 occultum?
2910 3259 3197 3333 Sciebat

847 3373 1044 3447 enim
1099 3374 1275 3446 Cato
1328 3374 1524 3466 quod
1579 3376 1763 3448 ratio
1805 3378 2161 3450 naturalis
2212 3399 2358 3450 non
2412 3385 2697 3471 poterat
2752 3379 3103 3453 recedere
3151 3400 3196 3451 a

848 3499 1041 3566 statu
1095 3494 1467 3588 vitiorum,
1511 3495 1645 3568 nisi
1684 3496 1927 3570 divina
1961 3498 2197 3592 gratia
2233 3497 2708 3572 illuminante.
2747 3499 2954 3572 Unde
2987 3498 3194 3572 dicit:

845 3617 1145 3687 ascendo
1191 3617 1360 3707 faor
1411 3618 1497 3688 de
1548 3619 1621 3689 la
1658 3619 2029 3710 profonda
2063 3624 2270 3707 nolte,
2316 3617 2520 3712 idest,
2559 3619 2651 3692 de
2692 3619 2838 3692 alta
2892 3619 3198 3714 caligine

849 3723 1230 3829 nocturna,
1274 3738 1393 3807 che
1424 3757 1696 3828 sempre
1735 3759 1915 3809 nera
1942 3741 2026 3829 sa
2061 3740 2131 3810 la
2174 3741 2352 3809 valle
2392 3741 2730 3832 inferna?
2783 3739 2984 3833 idest,
3030 3759 3197 3833 quae

847 3877 992 3928 nox
1046 3855 1215 3929 facit
1265 3875 1557 3950 semper
1609 3856 1898 3951 nigram
1952 3857 2216 3930 vallem
2270 3857 2728 3951 infernalem,
2768 3859 2939 3952 quia
2977 3860 3051 3931 in
3086 3859 3198 3931 in-

844 3975 1052 4049 ferno
1123 3996 1530 4068 numquam
1594 3976 1790 4050 lucet
1852 3976 1983 4069 sol,
2041 3997 2453 4068 numquam
2506 3985 2860 4072 apparent
2930 3978 3194 4068 sidera,

846 4115 1013 4188 quae
1064 4104 1283 4169 autor
1322 4095 1481 4188 jam
1534 4116 1665 4190 pro
1718 4101 1928 4189 parte
1978 4103 2304 4190 coeperat
2345 4096 2595 4170 videre
2637 4096 2772 4169 hic.
2810 4096 2981 4169 Ideo
3017 4097 3196 4170 Cato

844 4213 1279 4287 admirative
1345 4215 1513 4288 facit
1576 4215 1868 4289 tertiam
1937 4216 2357 4310 petitionem
2436 4222 2510 4290 et
2589 4215 2806 4289 dicit:
2889 4220 2950 4290 le
3016 4219 3199 4308 leqqi

847 4335 915 4404 d’
942 4334 1198 4423 abisse,
1255 4333 1380 4406 ubi
1430 4334 1631 4406 nulla
1683 4334 2088 4428 redemptio
2156 4342 2264 4409 est
2326 4336 2818 4410 habitantibus
2882 4336 3001 4428 ibi,
3066 4357 3197 4407 son

976 4580 1033 4642 (¹)
1065 4579 1127 4628 E.
1160 4583 1212 4628 et
1245 4593 1367 4642 quo.
