3704 5559
1175 511 1453 565 CAN'rus
1502 514 1814 568 nEcnuus
1865 514 2149 567 numus,
2682 502 2833 568 319

486 679 594 734 ea.
632 659 803 733 Ideo
836 657 954 731 hic
989 657 1286 730 damnat
1319 658 1712 751 superbam
1749 658 2061 754 gloriam
2111 664 2185 732 et
2233 659 2519 753 merito,
2559 660 2729 752 quia
2750 653 2822 750 (¹)

487 780 600 854 hic
655 778 881 853 tendit
932 778 1023 851 ad
1074 776 1596 871 poenitentiam.
1627 783 1839 850 —Et
1883 781 1973 849 io,
2028 778 2155 851 Hic
2193 784 2404 871 poeta
2438 778 2685 852 laudat
2718 778 2829 851 di-

486 907 684 973 ctum
739 896 1070 989 Odorisii‚
1123 900 1196 969 et
1246 896 1421 990 petit
1472 897 1565 971 de
1611 897 1956 991 praedicto
2008 897 2286 991 spiritu,
2340 897 2620 972 dicens:
2658 906 2724 970 et
2758 901 2828 968 io

488 1041 535 1092 a
584 1021 702 1109 lui,
755 1018 1034 1111 supple,
1085 1016 1232 1089 dixi
1298 1016 1394 1088 illi
1445 1016 1810 1090 odorisio:
1860 1024 1975 1090 tuo
2024 1038 2149 1090 ver
2209 1020 2325 1091 dir
2388 1020 2477 1089 m’
2503 1014 2827 1106 incuora,

490 1138 692 1230 idest,
755 1137 955 1231 ponit
1016 1134 1188 1207 mihi
1249 1135 1324 1207 in
1383 1136 1626 1230 corde,
1687 1138 1922 1210 buona
1978 1127 2271 1228 umilitci,
2324 1158 2361 1209 e
2427 1140 2516 1209 m’
2539 1140 2831 1228 appiani

487 1278 677 1347 yran
724 1264 981 1345 tumor,
1044 1255 1245 1348 idest,
1309 1256 1596 1350 mitigas
1657 1257 1729 1329 in
1801 1277 1923 1331 me
1976 1278 2319 1353 magnam
2386 1257 2827 1331 inflationem

489 1381 810 1449 ventosae
860 1375 1134 1471 gloriae.
1189 1376 1341 1448 Hoc
1392 1374 1582 1468 dicit,
1638 1376 1810 1468 quia
1864 1377 2016 1470 ipse
2065 1376 2457 1469 aliquando
2509 1379 2824 1450 multum

489 1496 761 1569 amavit
812 1494 1165 1590 gloriam3
1218 1500 1292 1568 et
1346 1495 1558 1587 petit:
1611 1517 1730 1567 ma
1778 1499 1888 1568 clei
1935 1493 1976 1569 ἐ
2021 1500 2201 1569 colui
2249 1499 2325 1569 di
2370 1499 2481 1569 cui
2531 1505 2601 1571 tu
2644 1519 2829 1589 par-

490 1618 631 1687 lavi
663 1621 851 1687 ora?
901 1615 1104 1707 idest,
1148 1615 1280 1688 ille·
1316 1614 1642 1688 famosus
1685 1621 1958 1710 tuscuS‚
1995 1617 2088 1690 de
2121 1638 2271 1709 quo
2322 1617 2612 1691 dicebas
2651 1618 2827 1691 mihi

491 1739 736 1807 nunc?
771 1736 857 1807 Et
892 1733 1092 1828 ponit
1146 1734 1690 1827 responsionem
1732 1735 2037 1808 Odorisii
2073 1736 2197 1828 qui
2244 1737 2653 1810 manifestat
2693 1757 2828 1810 no-

490 1873 660 1926 men
712 1860 783 1925 et
833 1853 1123 1946 culpam
1176 1852 1364 1924 illius
1417 1853 1745 1946 spiritus;
1784 1853 1979 1927 unde
2022 1854 2224 1928 dicit:
2269 1858 2520 1945 queyli,
2555 1856 2827 1929 scilicet

486 1973 877 2066 Odorisius‚
929 1977 1242 2064 rispose:
1267 1978 1692 2045 Provenzan
1725 1976 2018 2046 Salvani
2049 1972 2091 2047 ε’
2118 1977 2260 2065 qui,
2304 1975 2378 2046 in
2431 1975 2563 2047 ista
2614 1976 2823 2071 gravi

491 2112 742 2187 poena3
797 2098 872 2165 et
921 2113 1094 2166 ecce
1146 2092 1471 2185 causam,
1525 2085 1705 2185 perd
1755 2095 1876 2166 clze
1917 2098 1998 2187 su
2059 2101 2548 2185 presuntuow,
2594 2101 2832 2169 teme-

492 2212 665 2285 ritas
720 2219 827 2286 est
881 2234 1025 2287 una
1078 2213 1170 2287 de
1234 2213 1516 2287 filiabus
1586 2214 1971 2308 superbiae,
2023 2235 2071 2286 a
2119 2235 2329 2287 recar
2391 2219 2601 2288 Siena
2661 2223 2831 2289 tutta

494 2336 628 2404 alle
666 2353 786 2405 sue
827 2335 1043 2424 mani,
1081 2333 1285 2425 idest,
1319 2333 1409 2406 ad
1449 2331 1949 2407 reducendum
2001 2338 2227 2407 totam
2265 2335 2574 2429 patriam
2614 2357 2825 2409 suam

495 2452 568 2524 in
620 2473 830 2525 suam
885 2458 1359 2546 potestatem:
1411 2452 1547 2524 fuit
1597 2453 1790 2526 enim
1828 2454 2150 2527 senensis
2183 2455 2545 2550 gloriosus
2581 2460 2657 2529 et
2698 2477 2834 2529 va-

492 2592 649 2646 nus.
705 2574 792 2645 Et
840 2572 1069 2668 tangit
1117 2572 1668 2646 diuturnitatem
1719 2594 1955 2666 poenae
1996 2574 2188 2648 ultra
2223 2576 2682 2669 gravitatem,
2721 2575 2833 2647 di-

491 2711 708 2764 cens:
760 2694 856 2764 ito
924 2685 967 2763 e*
1026 2683 1167 2764 cosi
1217 2712 1254 2763 e
1318 2712 1409 2763 va
1457 2713 1676 2764 senza
1738 2695 1980 2784 riposo
2042 2696 2166 2785 poi
2237 2696 2356 2765 che
2418 2687 2626 2786 mori,
2670 2696 2827 2789 jam

491 2810 741 2906 viginti
792 2831 1058 2884 novem
1109 2811 1355 2904 annis;
1409 2818 1480 2885 et
1531 2812 1841 2886 ostendit
1891 2813 2089 2905 quod
2132 2834 2347 2907 poena
2395 2835 2839 2908 correspon-

492 2930 613 3003 det
680 2932 936 3024 culpae‚
1002 2930 1292 3004 dicens:
1346 2934 1454 3004 clzi
1501 2928 1543 3005 e*
1590 2939 1839 3024 troppo
1904 2953 2055 3021 ose,
2106 2931 2312 3025 idest,
2376 2934 2832 3026 quicumque

491 3054 601 3123 est
651 3049 863 3122 nimis
914 3049 1180 3143 audax,
1253 3050 1424 3142 quia
1495 3051 1877 3144 superbire
1941 3072 2086 3124 non
2148 3057 2257 3125 est
2321 3053 2542 3146 aliud,
2604 3075 2829 3146 quam

491 3190 720 3264 super·
760 3169 939 3243 alios
991 3171 1177 3244 velle
1212 3170 1344 3264 ire,
1382 3174 1458 3243 di
1489 3162 1587 3260 ld,
1628 3171 1925 3265 scilicet,
1958 3171 2030 3244 in
2084 3172 2361 3246 mundo
2405 3173 2831 3267 viventium,

491 3292 705 3361 rende
754 3292 940 3362 colat
985 3298 1285 3380 moneta,
1352 3289 1553 3383 idest,
1622 3290 1755 3363 luit
1814 3311 2117 3384 poenam
2173 3297 2326 3366 tam
2404 3294 2723 3389 dignam,
2786 3316 2844 3367 α

490 3412 827 3504 sodisfar,
878 3409 1083 3500 idest,
1116 3410 1208 3483 ad
1259 3410 1847 3485 satisfaciendum
1886 3412 2147 3486 divinae
2170 3413 2711 3507 justitiae—Et
2738 3420 2828 3489 io,

493 3528 620 3603 Hic
669 3533 882 3623 poeta
938 3534 1186 3601 movet
1236 3550 1460 3602 unam
1498 3530 2021 3605 dubitationem
2058 3532 2253 3606 circa
2294 3534 2567 3608 dictum
2622 3536 2835 3631 spiri-

491 3652 676 3740 tum,
729 3652 803 3721 et
851 3646 1172 3721 breviter
1222 3648 1397 3741 petit
1449 3649 1820 3741 quomodo
1863 3650 1997 3725 iste
2044 3654 2461 3745 pervenerit
2513 3654 2613 3727 ad=
2656 3676 2835 3749 pur-

491 3765 885 3862 gatorium,
922 3766 1049 3859 qui
1083 3766 1384 3841 deberet
1419 3786 1586 3841 esse·
1631 3774 1865 3863 extra,
1909 3769 2083 3862 quia
2118 3770 2428 3844 tardavit
2474 3772 2834 3865 poeniten-

493 3884 670 3958 tiam
723 3886 1106 3977 usquead
1153 3893 1490 3961 mortem.
1547 3888 1758 3963 Unde
1802 3895 2139 3983 repetens
2191 3891 2388 3984 illud,
2431 3892 2626 3985 quod
2669 3893 2828 3987 jam

492 4003 764 4078 totiens
805 4004 1078 4080 dictum
1135 4013 1264 4101 est,
1316 4008 1533 4081 dicit:
1588 4016 1658 4082 ee
1697 4012 1793 4100 io,
1846 4011 2102 4104 supple
2151 4010 2296 4083 dixi
2347 4011 2710 4086 Odorisio:
2761 4035 2845 4087 se

493 4126 726 4215 quello·
784 4128 1032 4217 spirito
1100 4129 1204 4199 ch'
1233 4130 1528 4219 attende,
1605 4128 1811 4223 idest,
1877 4133 2239 4224 expectat,
2303 4133 2347 4202 l’
2374 4134 2557 4221 erle,
2627 4132 2833 4226 idest,

494 4244 1064 4336 extremitatem,
1130 4249 1319 4320 della·
1390 4251 1540 4321 vita
1589 4252 1765 4340 pria
1822 4252 1943 4322 che
2014 4252 2079 4322 si
2131 4256 2370 4342 penta,
2421 4254 2707 4325 dunoroe
2764 4244 2847 4327 ld

492 4357 638 4454 mic,
695 4361 882 4438 inter
934 4365 1113 4438 alios
1165 4367 1550 4462 relegatos,
1602 4391 1639 4440 e
1687 4390 1830 4440 non
1890 4362 2183 4441 ascende
2224 4366 2504 4464 quas-31¹1,
2571 4373 2671 4446 ad
2708 4393 2841 4447 ve-

616 4628 672 4689 (¹)
704 4628 764 4679 B·-
798 4631 918 4694 quia
952 4631 1052 4682 hoc
1087 4634 1266 4684 tendit.
