3704 5559
838 506 975 570 152
1559 514 1967 568 COMENTUM
2016 515 2454 568 PURGA‘ronu

828 659 1026 752 quod
1078 679 1168 734 ex
1222 658 1526 752 antiquo
1577 665 1788 751 pacto
1829 657 2018 731 sacto
2059 658 2250 732 inter
2291 658 2773 747 bononienses
2824 667 2898 733 et
2951 659 3171 732 muti-

830 800 1088 855 nenses
1148 779 1461 853 debebat
1519 788 1716 854 stare
1774 778 2230 854 destructum
2295 787 2670 874 perpetue.
2737 780 2877 854 Sed
2938 779 3171 853 bono-

829 902 1137 994 nienseS,
1191 901 1317 993 qui
1386 901 1670 974 iverant
1732 900 1822 973 ad
1890 900 2423 994 impediendam
2491 901 3039 976 aedificationem
3069 895 3170 993 (¹),

829 1021 1077 1096 audito
1130 1019 1417 1094 sinistro
1472 1040 1777 1094 rumore
1825 1021 2100 1114 Imolae,
2156 1021 2429 1095 reversi
2490 1027 2681 1094 sunt.
2738 1006 2824 1093 Et
2892 1022 2994 1095 sic
3045 1042 3172 1095 eo-
3263 1012 3268 1017 ’

830 1141 1001 1215 dem
1071 1141 1195 1216 die·
1254 1142 1483 1214 Imola
1550 1140 1829 1235 perdita
1895 1149 2025 1235 est,
2079 1148 2154 1215 et
2205 1142 2577 1215 Bazanum
2652 1141 3171 1216 reaedificatum

833 1274 1088 1341 contra
1142 1265 1668 1340 bononienses:
1722 1265 1918 1340 unde
1969 1265 2242 1339 dictum
2305 1273 2461 1340 est:
2524 1271 2746 1354 Quam
2797 1270 3173 1360 propriam

834 1392 1073 1477 norat,
1136 1388 1433 1457 Imolam
1504 1390 1826 1458 Bononia
1888 1390 2132 1478 plorat
2154 1412 2176 1457 .·
2251 1392 2404 1458 Azo
2471 1393 2841 1459 Bazanum
2915 1389 3178 1459 relevat

837 1509 1026 1597 quod
1074 1509 1386 1579 marchio
1427 1509 1741 1598 planum.
1792 1507 2023 1603 Igitur
2066 1508 2214 1579 Azo
2265 1507 2626 1581 lacessens
2677 1513 2749 1582 et
2800 1506 3175 1581 lacessitus

836 1625 1052 1719 bello,
1093 1646 1265 1699 cum
1305 1648 1451 1700 non
1504 1625 1878 1700 videretur
1929 1647 2140 1721 posse
2191 1627 2539 1719 consequi
2577 1626 2954 1700 victoriam
3011 1646 3175 1721 spe—

837 1753 1072 1819 ratam
1126 1747 1551 1841 procuravit
1615 1747 1746 1820 sibi
1811 1768 2120 1843 magnos
2179 1747 2473 1821 amicos.
2545 1749 2633 1819 Et
2698 1747 2861 1821 fecit
2889 1739 2964 1839 (²)
3020 1765 3177 1820 ma-

834 1887 1058 1962 gnam
1110 1874 1394 1961 partem
1438 1867 1512 1940 in
1556 1868 1881 1942 Bononia
1933 1875 2004 1942 et
2056 1868 2379 1942 breviter
2414 1890 2504 1942 eo
2542 1889 2660 1943 res
2698 1869 3009 1943 deducta
3045 1874 3176 1961 est,

839 1986 1036 2080 quod
1096 1987 1221 2080 qui
1287 1989 1636 2083 regebant
1704 2010 1864 2063 rem
1934 1990 2300 2084 publicam
2366 1990 2735 2082 Bononiae,
2797 1996 3179 2084 coeperunt

842 2126 1111 2180 vocare
1176 2115 1498 2182 rectores
1566 2117 1640 2182 et
1706 2109 2053 2183 officiales
2110 2110 2202 2183 de
2271 2117 2479 2204 parte
2528 2110 2943 2205 ghibellina,
3008 2109 3180 2203 quia

844 2227 1141 2323 guelphi
1211 2236 1422 2302 erant
1491 2228 1922 2304 favorabiles
1955 2220 2028 2322 (³)
2090 2231 2530 2323 marchioni3
2600 2231 2726 2305 sed
2794 2237 3047 2324 postea
3107 2229 3179 2302 in

843 2346 1050 2421 brevi
1104 2346 1268 2421 fecit
1317 2368 1570 2441 pacem
1626 2349 1863 2442 primo
1917 2371 2087 2424 cum
2133 2351 2661 2445 parmensibuS,
2697 2349 2956 2425 deinde
3006 2371 3179 2423 cum

843 2465 1429 2541 bononiensibus.
1485 2469 1846 2564 Tempore
1900 2470 2121 2566 igitur
2172 2471 2337 2544 belli
2393 2471 2874 2544 bononienses
2934 2470 3182 2564 elege-

846 2592 1020 2659 runt
1071 2586 1143 2658 in
1179 2587 1616 2662 Potestatem
1657 2609 1918 2662 eorum
1957 2589 2047 2662 ad
2073 2591 2246 2684 jura
2288 2589 2651 2664 reddenda
2688 2589 3001 2663 nobilem
3040 2589 3182 2661 mi-

844 2706 1043 2782 litem
1096 2706 1476 2781 dominum
1529 2709 1882 2783 Jacobum
1949 2709 2062 2784 del
2128 2711 2433 2786 Cassaro
2498 2710 2589 2786 de
2640 2711 2930 2785 civitate
2979 2710 3178 2785 Fani.

841 2826 977 2913 Qui
1032 2825 1143 2899 vir
1197 2829 1658 2923 temerariuS,
1710 2837 1785 2905 et
1835 2831 1962 2924 qui
2015 2851 2161 2904 non
2210 2832 2399 2905 bene
2441 2831 2791 2905 didicerat
2846 2831 3179 2927 regulam

827 2945 1053 3040 juris:
1109 2947 1635 3041 potentioribus
1700 2970 1916 3044 pares
1992 2971 2152 3025 esse
2203 2972 2348 3023 non
2411 2972 2841 3044 possumus;
2894 2970 3183 3045 semper

836 3067 1378 3159 obloquebatur
1430 3074 1713 3143 temere
1777 3071 1869 3144 de
1936 3070 2127 3145 dicto
2190 3071 2508 3165 domin0,
2561 3092 2851 3165 semper
2918 3091 3184 3145 vocans

839 3205 1011 3259 eum
1053 3187 1496 3278 proditorem
1537 3196 1927 3285 estensem,
1965 3191 2090 3284 qui
2129 3192 2528 3284 reliquerat
2561 3192 2990 3288 ghibellinos
3038 3192 3182 3264 Ro-

844 3304 1249 3378 mandiolae.
1314 3308 1628 3381 Marchio
1690 3330 1882 3405 saepe
1944 3312 2248 3386 audiens
2311 3314 2467 3386 haec
2517 3321 2590 3387 et
2643 3314 3019 3410 indignans
3075 3312 3184 3384 di-

845 3423 994 3496 xit:
1047 3431 1250 3499 certe
1310 3427 1443 3501 iste
1508 3450 1731 3523 agaso
1792 3432 2250 3506 Marchianus
2320 3454 2465 3506 non
2529 3434 2831 3529 impune
2895 3423 3177 3526 seret(⁴)

843 3544 1407 3638 imprudentiam
1463 3571 1671 3623 suam
1711 3551 2092 3645 asininam,
2127 3554 2253 3628 sed
2295 3554 2769 3649 castigabitur
2811 3555 3002 3630 suste
3036 3557 3183 3629 ser-

844 3683 995 3736 reo.
1050 3664 1257 3739 Dedit
1309 3665 1489 3764 ergo
1539 3676 1867 3766 operam,
1904 3674 2098 3767 quod
2136 3674 2314 3748 certi
2355 3675 2610 3748 famuli
2647 3675 2883 3750 idonei
2918 3676 3011 3750 ad
3046 3678 3184 3752 boc

845 3793 1464 3878 persequerentur
1517 3789 1747 3884 illum,
1783 3813 2261 3886 quocumque
2297 3801 2660 3890 pergeret,
2697 3795 2897 3870 finito
2943 3797 3185 3872 officio

842 3903 1207 3979 Bononiae.
1261 3908 1445 3980 Cum
1510 3916 1759 3983 autem
1821 3911 1943 3985 ille
2004 3912 2142 3988 iret
2203 3913 2294 3989 de
2361 3916 2678 3989 Venetiis
2731 3917 3055 3991 Paduam
3111 3917 3183 3990 in

838 4023 1153 4098 confinio
1214 4027 1560 4101 territorii
1615 4031 1854 4107 veneti
1908 4039 1983 4106 et
2051 4033 2391 4129 paduani,
2446 4036 2739 4110 invasus
2797 4059 2841 4111 a
2896 4037 3185 4112 famulis

838 4144 966 4236 qui
1031 4145 1352 4219 latebant
1423 4147 1493 4219 in
1556 4148 1845 4244 insidiis,
1901 4152 2228 4227 nesciens
2295 4176 2443 4248 quo
2512 4157 2823 4252 sugeret,
2887 4158 3187 4254 ignarus

841 4261 1130 4335 viarum
1185 4270 1258 4338 et
1310 4265 1667 4361 locorum,
1710 4271 2111 4346 trucidatus
2151 4282 2282 4368 est,
2327 4283 2410 4348 ut
2451 4285 2704 4372 aperte
2745 4279 3072 4374 tangitur
3112 4278 3186 4351 in

840 4382 1071 4460 litera.
1124 4383 1335 4458 Nunc
1383 4387 1472 4459 ad
1513 4387 1835 4483 literam3
1873 4393 2042 4466 dicit
2077 4401 2329 4487 poeta:
2369 4402 2457 4469 El
2487 4419 2653 4491 un0,
2691 4400 2961 4475 scilicet
2998 4419 3188 4495 prae-

966 4569 1022 4631 (¹)
1056 4571 1116 4621 E.
1152 4572 1292 4621 illius
1322 4575 1727 4628 edificationem.
1857 4580 2004 4643 (')·E.
2042 4584 2173 4634 sacta
2198 4601 2380 4652 magna
2413 4595 2560 4652 parte
2589 4592 2638 4639 in
2671 4591 2919 4653 Bononia,
2943 4590 3184 4642 breviter.

965 4645 1018 4706 (⁸)
1054 4650 1142 4697 117
1174 4660 1205 4696 e
1238 4648 1300 4698 Ε.
1333 4649 1740 4704 favorabiliores.
1855 4657 1908 4719 (⁸)
1941 4657 1992 4708 S.
2029 4659 2208 4712 ferret.
2715 4663 2720 4666 ⁷
