3704 5559
874 482 1013 547 542
1589 493 1997 548 coMEN‘rUM
2050 495 2491 549 PURGATORH

868 635 1225 711 diffideret
1275 638 1595 732 potentia
1655 659 1826 730 sua3
1892 638 2019 712 sed
2078 639 2198 713 ille
2263 643 2591 711 mutatus
2655 658 2829 711 cum
2893 638 3207 735 fortuna,

869 754 1306 830 obtruncato
1333 757 1717 853 Polydoro,
1746 758 1988 850 rapuit
2019 779 2331 850 aurum3
2360 764 2747 851 propterea
2772 757 3009 831 Eneas
3035 780 3209 833 con-

870 876 1062 948 sulto
1113 877 1411 950 recessit
1458 876 1552 950 de
1600 876 1954 951 scelerata
1991 884 2210 952 terra.
2249 877 2435 950 Dicit
2470 896 2649 972 ergo
2684 878 2930 973 Hugo:
2974 901 3012 951 e
3067 886 3208 951 Po-

871 997 1179 1085 linestor,
1231 994 1546 1069 crudelis
1611 1015 1745 1069 rex
1804 996 2120 1070 crudelis
2150 991 2222 1088 (¹)
2286 996 2544 1093 gentis,
2610 999 2711 1068 αι’
2737 1000 2970 1070 ancisa
3020 1003 3211 1071 Poli-

872 1118 1078 1205 doro,
1099 1135 1230 1208 per
1256 1115 1637 1188 avaritiam
1658 1116 2014 1208 juvenem
2046 1116 2505 1191 innocentem
2537 1123 2937 1211 cognatum
2966 1139 3211 1213 suum,

871 1237 1037 1325 yira
1087 1239 1251 1306 lutto
1278 1237 1327 1305 ’l
1373 1241 1626 1323 monte,
1663 1241 1998 1307 cantatus
2048 1257 2092 1308 a
2145 1236 2350 1309 nobis
2388 1256 2520 1329 per
2568 1242 2807 1309 totum
2851 1237 3211 1310 circulum

872 1352 948 1425 in
973 1352 1268 1424 infamia
1296 1351 1517 1445 ipsius
1543 1352 2005 1426 avaritiae.—
2025 1357 2514 1426 Ultimamente.
2542 1355 2671 1428 Hic
2706 1355 2966 1428 ultimo
3001 1357 3214 1451 Hugo

873 1471 1176 1545 infamat
1209 1471 1721 1545 avarissimum
1758 1472 2165 1566 hominum,
2193 1471 2320 1565 qui
2346 1474 2745 1567 justissime
2779 1475 2916 1547 luit
2960 1495 3220 1569 poenas

872 1592 1199 1667 avaritiae
1248 1593 1323 1667 in
1358 1592 1784 1687 exemplum
1819 1593 2155 1665 omnium
2192 1593 2602 1687 principum
2644 1615 3068 1668 avarorum.
3104 1593 3217 1667 Ad

874 1710 1071 1805 quod
1122 1712 1320 1785 clare
1368 1710 1916 1807 intelligendum
1971 1716 2082 1784 est
2132 1711 2512 1786 sciendum
2545 1703 2645 1805 (²),
2680 1712 2877 1805 quod
2911 1713 3221 1786 Crassus

874 1831 1126 1905 consul
1166 1851 1518 1906 romanus
1542 1830 2087 1926 potentissimus
2113 1831 2394 1926 collega
2421 1831 2722 1926 Pompei
2756 1833 2975 1905 homo
3001 1833 3221 1906 inau-

875 1949 1043 2023 ditae
1096 1951 1443 2044 avaritiae,
1482 1970 1572 2024 eo
1614 1956 1948 2044 tempore
1989 1968 2139 2042 quo
2180 1949 2425 2023 Caesar
2467 1950 3009 2023 confoederatus
3041 1971 3220 2024 cum

877 2077 1201 2163 utroque
1238 2071 1392 2164 jam
1440 2070 1690 2142 multis
1724 2070 1932 2142 annis
1984 2069 2176 2143 bella
2216 2077 2546 2165 gesserat
2577 2070 2652 2141 in
2685 2068 2935 2162 Gallia,
2980 2070 3105 2143 ivit
3145 2070 3222 2143 in

880 2189 1240 2263 orientem
1296 2195 1550 2261 contra
1601 2188 1898 2281 parthos
1949 2208 2122 2260 cum
2174 2188 2618 2261 nobilissimo
2669 2189 3021 2280 exercitu,
3057 2210 3224 2262 ma-

876 2309 986 2405 gis
1038 2329 1166 2402 spe
1212 2308 1542 2403 pecuniae
1592 2328 1820 2401 quam
1862 2308 2148 2403 gloriae,
2187 2310 2335 2403 qui,
2378 2316 2463 2383 ut
2498 2309 2922 2383 brevissime
2954 2308 3221 2403 dicam,

877 2448 1049 2502 cum
1073 2418 1146 2520 (³)
1173 2427 1546 2502 transisset
1570 2427 2018 2521 Euphratem
2055 2436 2307 2502 contra
2346 2436 2554 2522 pacta
2591 2428 2911 2522 Pompei,
2949 2429 3076 2521 qui
3112 2429 3224 2502 fe-

878 2554 1082 2622 cerat
1132 2546 1440 2621 ssuvium
1491 2546 1701 2618 illum
1745 2567 2102 2640 magnum
2138 2567 2299 2621 esse
2335 2547 2734 2621 terminum
2771 2547 3058 2640 imperii
3096 2567 3224 2621 ro-

878 2688 1274 2741 manorum
1340 2672 1414 2740 et
1475 2666 1934 2760 parthorum,
1989 2665 2536 2740 circumventus
2596 2673 2706 2739 est
2765 2665 3056 2739 incaute
3125 2666 3223 2739 ab

878 2788 1154 2861 infinita
1191 2785 1655 2859 multitudine
1689 2786 2147 2880 parthorum,
2186 2792 2259 2859 et
2292 2786 2691 2879 infeliciter,
2721 2787 2959 2860 deleto
3000 2807 3224 2861 exer-

879 2907 1052 3001 citu,
1080 2907 1362 2980 occisus
1396 2909 1507 2979 est
1542 2905 1614 2978 in
1650 2905 1944 2999 proelio:
1981 2905 2193 2978 cuius
2227 2912 2450 2999 caput
2474 2905 2872 2979 abscissum
2910 2907 3217 2980 affixum

878 3033 989 3101 est
1018 3013 1090 3118 (⁴)
1145 3026 1396 3119 hastae,
1433 3030 1508 3098 et
1557 3030 1929 3117 portatum
1969 3023 2161 3096 intra
2200 3024 2569 3098 civitatem
2613 3023 3038 3118 Carrarum,
3092 3026 3221 3098 ubi

877 3167 1151 3221 aurum
1205 3145 1677 3239 liquefactum
1732 3143 2055 3215 infusum
2110 3149 2219 3216 est
2271 3143 2344 3215 in
2379 3163 2461 3217 os
2504 3145 2663 3218 eius
2702 3164 2875 3217 cum
2917 3145 3055 3217 hac
3088 3165 3222 3218 ex-

877 3264 1387 3358 probratione:
1443 3269 1714 3335 Aurum
1747 3264 1969 3352 sitisti,
2008 3282 2261 3333 aurum
2302 3263 2467 3335 bibe.
2505 3264 2592 3335 Et
2641 3269 2842 3337 certe
2892 3263 3028 3337 ista
3070 3263 3221 3336 sitis

880 3403 1149 3477 magna
1201 3382 1518 3455 extincta
1570 3388 1681 3454 est
1729 3381 2087 3477 sanguine
2149 3381 2262 3454 sui
2314 3390 2388 3456 et
2439 3382 2676 3456 Crassi
2729 3382 2853 3456 filii
2912 3385 3025 3457 sui
3086 3405 3221 3458 no-

880 3501 1041 3577 bilis
1078 3500 1553 3575 adolescentis
1604 3507 1679 3573 et
1732 3500 2074 3574 undecim
2133 3502 2753 3595 pulcerrimarum
2820 3503 3214 3598 legionum.

880 3623 1066 3698 Dicit
1115 3643 1294 3720 ergo
1344 3622 1598 3718 Hugo:
1660 3624 2129 3695 Ultimamente
2161 3625 2226 3694 ci
2266 3624 2330 3694 si
2358 3625 2611 3712 yrida:
2661 3644 2705 3695 ο
2763 3627 3062 3695 Crasso:
3111 3625 3222 3696 lo·

881 3744 1133 3839 quitur
1183 3743 1276 3817 de
1324 3743 1568 3816 Marco
1619 3740 1879 3815 Crasso
1935 3741 2284 3815 ditissimo
2340 3763 2826 3817 romanorum
2863 3750 3026 3838 post
3059 3743 3218 3838 Syl-

879 3865 1051 3959 lam,
1105 3863 1253 3957 qui‚
1307 3867 1390 3934 ut
1438 3860 1609 3934 dicit
1658 3860 1953 3954 PliniuS,
2006 3860 2312 3955 dicebat,
2349 3882 2494 3936 non
2541 3882 2702 3937 esse
2752 3862 3048 3937 divitem
3085 3863 3217 3936 nisi

881 3984 1011 4078 qui
1043 3982 1327 4057 redditu
1363 4001 1612 4055 annuo
1647 3986 1890 4074 posset
1926 3985 2183 4055 tenere
2217 3981 2580 4076 legionem
2622 3982 2693 4055 in
2729 3982 3037 4077 campis3
3083 4002 3219 4057 nec

881 4104 1017 4177 fuit
1047 4094 1120 4195 (⁵)
1159 4102 1330 4176 satis
1381 4100 1517 4174 nisi
1566 4106 1802 4173 totum
1840 4101 2273 4194 parthorum
2312 4102 2673 4176 exurisset
2706 4123 3022 4176 aurum:
3058 4105 3222 4175 dilci

881 4218 1002 4294 che*
1023 4224 1075 4293 'l
1118 4223 1253 4311 sai,
1302 4221 1379 4291 di
1424 4221 1544 4292 che
1594 4238 1854 4310 sapore
1902 4214 1945 4292 e*
1988 4223 2033 4292 l’
2060 4242 2220 4312 or0,
2271 4220 2445 4313 quia
2481 4229 2829 4316 expertus
2876 4243 2978 4315 ω,
3018 4228 3092 4297 et
3138 4230 3219 4295 ut

1002 4442 1058 4504 (¹)
1089 4442 1152 4492 E.
1184 4441 1552 4492 crudelissima
1585 4443 1763 4506 gentis.
2232 4443 2287 4505 (²)
2321 4447 2428 4502 ¹¹⁷.
2463 4444 2765 4495 notandum.

1005 4518 1059 4584 (¹)
1092 4519 1153 4569 Ε.
1185 4532 1305 4568 cum
1338 4518 1576 4569 intrasset
1608 4518 1947 4581 Euphratem.
2227 4517 2283 4581 (⁸)
2316 4520 2378 4570 E.
2409 4524 2489 4571 est
2519 4520 2677 4583 stipiti
2708 4532 2801 4570 seu
2835 4520 3009 4571 hasta.

1004 4595 1059 4658 (¹)
1091 4595 1153 4645 Ε.
1185 4607 1282 4645 nec
1312 4593 1413 4645 suit
1441 4594 1491 4644 ei
1523 4595 1660 4645 satis.
