3704 5559
973 505 1112 571 42⁰
1690 516 2098 571 commu
2148 519 2584 573 PURGATonn

967 664 1309 762 Virgilius
1335 662 1534 757 dixit,
1563 683 1711 736 non
1738 669 2131 757 expectans
2155 663 2466 737 ulterius
2493 666 2990 743 narrationem
3022 689 3335 744 meam:

965 809 1038 861 se
1088 792 1158 860 tu
1191 787 1419 858 avessi
1449 790 1642 857 cento
1683 785 1908 873 larve,
1943 782 2146 876 idest,
2184 790 2634 879 coperturas,
2670 808 2891 880 sopra
2926 792 2999 861 la
3034 794 3286 883 faccia
3298 816 3335 883 ,-

963 916 1074 984 est
1125 907 1319 982 enim
1373 906 1578 979 larva
1628 903 1748 976 illa
1800 902 2062 999 figura,
2106 903 2260 978 sive
2294 903 2772 979 simulacrum
2829 908 3027 1001 quod
3077 930 3332 1004 appo-

962 1030 1162 1103 nitur
1214 1025 1441 1119 saciei,
1494 1023 1587 1098 ad
1637 1023 2020 1097 celandam
2082 1022 2412 1097 notitiam
2476 1025 2807 1121 hominiS,
2858 1027 2950 1102 ad
3019 1037 3330 1103 terren-

960 1149 1140 1222 dum
1192 1164 1486 1241 pueros,
1534 1163 1678 1215 non
1727 1146 1825 1214 mi
1871 1144 2110 1214 sarien
2169 1145 2420 1234 chiuse,
2473 1142 2678 1239 idest,
2731 1145 3022 1242 ignotae,
3081 1151 3140 1221 le
3196 1156 3322 1221 me

959 1263 1379 1359 comcazion,
1406 1269 1846 1356 quantunque
1879 1282 2127 1355 parve,
2154 1261 2358 1357 idest,
2388 1265 2692 1338 occultae
2729 1271 2802 1339 et
2835 1266 3316 1341 absconditae.

960 1388 1048 1461 Et
1098 1385 1442 1459 continuo
1492 1381 1834 1476 Virgilius
1884 1380 2388 1476 interpretavit
2440 1381 2815 1478 visionem,
2850 1384 3135 1460 dicens:
3190 1378 3317 1459 oid

957 1510 1076 1581 che
1125 1507 1400 1595 vedesti,
1435 1503 1508 1576 in
1544 1502 1663 1576 illa
1699 1501 2184 1575 abstractione
2221 1502 2508 1596 mentiS,
2538 1508 2618 1597 Ῑὶι
2642 1501 2902 1595 perche*
2930 1526 3073 1578 non
3103 1528 3318 1580 scu-se

955 1631 1025 1703 α’
1054 1630 1258 1720 aprir
1294 1629 1362 1697 lo
1395 1645 1630 1713 cuore,
1665 1622 1868 1716 idest,
1916 1642 2008 1696 ne
2062 1641 2356 1696 recuses
2395 1622 2782 1718 disponere
2817 1626 3149 1699 animum
3185 1627 3314 1700 in-

954 1749 1303 1824 duratum
1345 1745 1533 1837 odio,
1571 1746 1690 1815 all'
1715 1762 1931 1834 acque
1963 1745 2147 1814 della
2174 1764 2376 1834 pace,
2411 1764 2637 1837 quam
2672 1742 2891 1821 offert
2922 1744 3050 1818 tibi
3094 1746 3305 1820 Deus

952 1868 1009 1943 si
1068 1866 1306 1963 parcis
1364 1863 1619 1938 alteri:
1682 1862 1881 1936 unde
1940 1861 2129 1954 dicit,
2192 1865 2310 1934 clte
2365 1883 2494 1935 son
2563 1866 2812 1955 diffltse
2874 1866 3030 1937 dell’
3056 1872 3306 1937 eterno

944 1994 1162 2083 sonte,
1216 1986 1420 2078 idest,
1471 1984 1648 2076 Deo,
1701 1981 1909 2075 quasi
1969 1981 2159 2055 dicat
2227 1981 2594 2059 breviter:
2649 1982 2998 2077 quidquid
3052 1984 3298 2058 vidisti

948 2108 1297 2183 admonet
1348 2113 1421 2177 te
1473 2121 1801 2196 parcere,
1839 2100 1898 2173 si
1942 2101 2048 2173 vis
2101 2101 2376 2176 habere
2425 2121 2682 2196 pacem
2736 2124 2911 2176 cum
2959 2104 3112 2178 Deo
3161 2107 3295 2198 qui

954 2231 1210 2323 parcat
1262 2223 1422 2316 tibi3
1473 2243 1569 2295 an
1622 2227 1714 2291 tu,
1753 2219 1925 2314 quia
1977 2241 2056 2293 es
2116 2221 2372 2294 nobilis
2432 2244 2579 2296 non
2646 2223 2752 2298 vis
2813 2224 3140 2298 inclinari
3191 2226 3289 2300 ad

947 2347 1019 2422 id
1069 2346 1162 2419 ad
1215 2342 1410 2437 quod
1462 2360 1654 2435 saepe
1704 2339 2188 2413 inclinabatur
2240 2341 2482 2415 Caesar
2535 2342 2933 2438 AugustuS,
2968 2352 3043 2419 et
3089 2364 3291 2418 sem-

946 2486 1079 2562 per
1131 2462 1365 2536 Julius
1415 2461 1716 2535 Caesar?
1767 2460 1854 2531 Et
1915 2458 2031 2531 hic
2085 2466 2253 2532 nota
2309 2460 2504 2554 quod
2564 2461 2730 2536 licet
2796 2483 3101 2557 parcere
3167 2465 3288 2537 vi-

945 2587 1207 2661 deatur
1260 2581 1550 2678 propria
1602 2579 1834 2653 virtus
1884 2585 2330 2673 sanctorum,
2386 2587 2632 2655 tamen
2684 2589 2794 2655 est
2844 2583 3064 2657 etiam
3118 2604 3284 2658 mos

944 2703 1615 2803 magnanimorum,
1655 2706 1734 2772 ut
1767 2699 2014 2772 scribit
2047 2699 2512 2795 philosophus
2556 2700 2615 2772 11
2673 2701 3275 2797 Rhetoricorum3

947 2827 1141 2901 unde
1190 2826 1432 2899 Caesar
1485 2821 1558 2894 in
1611 2822 1748 2894 hoc
1803 2820 2117 2915 praebuit
2177 2822 2598 2916 exemplum
2662 2823 3278 2918 magnanimitatis

941 2947 1060 3022 cui
1111 2944 1309 3019 aliud
1360 2962 1507 3015 non
1558 2939 1780 3035 possit
1827 2940 2262 3033 comparari.
2316 2940 2499 3014 Nam
2554 2961 2726 3015 cum
2781 2942 2857 3016 in
2907 2945 3269 3018 Thessalia

940 3071 1182 3143 essent
1243 3064 1698 3157 praesentatae
1762 3058 1896 3131 sibi
1954 3079 2190 3153 capsae
2258 3060 2729 3154 epistolarum
2800 3069 2875 3135 et
2940 3063 3273 3136 omnium

939 3185 1470 3279 scripturarum
1508 3176 1807 3272 Pompei
1859 3178 2097 3251 subito
2148 3181 2461 3253 cremari
2516 3181 2682 3255 fecit
2724 3189 2798 3256 et
2840 3182 3007 3255 nihil
3056 3182 3266 3277 legit:

933 3302 1170 3377 simile
1221 3299 1388 3373 fecit
1437 3298 1510 3369 in
1561 3295 1800 3368 Africa
1850 3295 1941 3369 de
2001 3296 2227 3370 literis
2278 3299 2627 3393 Scipionis
2661 3301 2895 3375 soceri
2945 3301 3264 3396 Pompei,

934 3422 1120 3496 sicut
1186 3417 1431 3491 scribit
1494 3414 1767 3488 Plinius
1816 3414 1936 3486 VII
1991 3418 2339 3491 naturalis
2408 3419 2743 3493 historiae.
2774 3461 2874 3473 —
2899 3425 3078 3494 Non.
3139 3421 3269 3495 Hic

934 3539 1274 3636 Virgilius
1327 3535 1713 3630 respondet
1763 3536 2142 3628 quaestioni
2196 3537 2471 3631 tacitae3
2526 3541 2699 3634 quia
2750 3540 2944 3614 enim
2998 3542 3265 3615 Dantes

929 3665 1215 3756 poterat
1266 3656 1548 3730 dicere:
1602 3655 1676 3728 Si
1727 3675 1907 3751 ergo
1960 3662 2040 3728 tu
2092 3656 2369 3730 sciebas
2429 3678 2727 3732 causam
2799 3659 3263 3734 intrinsecam

931 3801 1117 3855 meae
1170 3776 1622 3869 turbationiS,
1660 3796 1893 3868 quare
1943 3777 2242 3869 petebas
2278 3777 2452 3870 quid
2495 3778 2890 3852 haberem?
2923 3779 3030 3853 Ad
3069 3778 3263 3872 quod

928 3898 1315 3995 respondet
1364 3895 1729 3991 VirgiliuS,
1781 3895 1980 3988 quod
2032 3917 2178 3969 non
2220 3915 2314 3968 ex
2347 3895 2758 3992 ignorantia
2799 3898 2926 3972 sed
2958 3899 3052 3972 ad
3087 3918 3264 3972 con-

926 4017 1368 4092 firmandum
1425 4015 1659 4110 ipsum
1712 4019 1786 4088 et
1837 4015 2286 4088 monendum
2321 4006 2391 4105 (¹)
2466 4016 2660 4109 quod
2721 4016 3033 4092 disceret
3095 4038 3263 4111 par-

923 4159 1113 4213 cere.
1182 4138 1270 4209 Et
1346 4136 1552 4208 litera
1623 4133 1909 4207 videtur
1962 4133 2172 4207 valde
2247 4133 2603 4227 obscura3
2679 4135 2806 4209 sed
2868 4136 3261 4213 sententia-

919 4259 1083 4330 liter
1134 4254 1475 4349 Virgilius
1525 4253 1682 4327 vult
1731 4252 1977 4326 dicere
2028 4253 2226 4346 quod
2278 4273 2422 4326 non
2458 4253 2710 4349 petivit
2752 4261 3050 4350 propter
3085 4254 3260 4327 illud

918 4381 1216 4470 propter
1268 4372 1464 4466 quod
1516 4371 1691 4465 petit
1743 4371 1863 4445 ille
1906 4371 2031 4465 qui
2065 4371 2260 4445 videt
2301 4378 2586 4446 tantum
2625 4393 2799 4446 cum
2840 4374 3059 4447 oculo
3093 4393 3260 4447 cor-

1039 4621 1094 4684 (¹)
1125 4621 1186 4671 E.
1220 4626 1274 4670 et
1305 4621 1703 4671 admonendum.
