3704 5559
843 502 985 566 222
1344 575 1348 580 ,
1574 512 1984 569 com-:mum
2034 515 2474 569 Pnnox'ronn

841 676 1013 730 nem
1055 656 1434 750 Justorum
1488 657 1751 730 factam
1807 659 1900 732 ad
1952 660 2216 751 Deum,
2259 665 2459 732 certe
2504 658 2809 732 faciliter
2859 658 3190 755 intelligit

839 784 1297 871 sequentem,
1352 776 1426 849 in
1488 799 1638 871 qua
1706 779 2114 853 ostenditur
2190 779 2494 853 effectus
2566 779 2914 853 orationis
2971 781 3192 875 justae

838 897 1224 990 exauditae,
1279 898 1451 991 quia
1515 897 1785 972 scilicet
1855 898 2096 972 statim
2171 899 2477 972 missum
2540 906 2651 972 est
2713 899 3071 973 auxilium
3141 921 3189 973 a

840 1018 1031 1091 coelo
1080 1023 1337 1091 contra
1390 1019 1907 1112 tentationem3
1945 1026 2021 1093 et
2070 1018 2234 1094 ideo
2269 1019 2510 1093 statim
2548 1020 2748 1114 ponit
2783 1019 3187 1114 dispositio-

841 1156 1013 1211 nem
1066 1138 1485 1211 animarum
1540 1139 2083 1232 expectantium
2132 1158 2569 1213 succursum
2605 1160 2648 1212 a
2685 1141 2863 1233 Deo,
2899 1140 3185 1215 dicens:

839 1260 911 1329 io
964 1259 1107 1330 vidi
1155 1261 1379 1349 quello
1429 1262 1714 1331 esercico
1756 1262 2030 1349 yenlile,
2070 1258 2273 1352 idest,
2313 1258 2470 1332 illos
2506 1259 2799 1352 spiritus
2851 1259 3190 1354 illustres,

843 1376 971 1470 qui
1023 1377 1326 1451 fuerunt
1376 1377 1549 1450 olim
1603 1378 2084 1452 strenuissimi
2127 1397 2537 1472 armorum,
2575 1385 2650 1453 et
2689 1385 3014 1453 armatos
3054 1378 3193 1452 du-

845 1504 1117 1572 xerunt
1149 1497 1540 1591 exercituS,
1570 1504 1643 1571 et
1669 1498 2048 1572 moraliter
2083 1505 2255 1571 sunt
2291 1499 2364 1572 in
2399 1498 2748 1573 continuo
2783 1499 3189 1574 certamine

842 1625 1100 1692 contra
1149 1616 1364 1710 vitia3
1413 1616 1576 1691 ideo
1612 1617 2032 1713 suppliciter
2066 1617 2458 1712 implorant
2492 1618 2812 1692 divinam
2848 1619 3191 1715 gratiam,

844 1747 919 1814 et
968 1749 1250 1835 ponunt
1300 1761 1502 1834 spem
1558 1740 1632 1813 in
1684 1761 1796 1835 ea,
1851 1742 2067 1817 tacite
2118 1742 2309 1815 facto
2360 1742 2505 1817 fine
2555 1743 2891 1837 orationi,
2944 1746 3193 1835 posa’a

841 1863 1240 1950 ripuar-dar
1298 1865 1371 1934 in
1439 1882 1585 1953 sue,
1654 1862 1748 1935 ad
1814 1863 2091 1935 coelum
2170 1862 2288 1936 vel
2362 1863 2454 1936 ad
2528 1865 2826 1939 culmen
2901 1863 3192 1957 montiS,

845 1983 1047 2071 quasi
1104 1985 1540 2074 αερεααηάο,
1594 1982 1767 2076 quia
1835 1983 2133 2057 indubie
2195 1982 2586 2077 sperabant
2653 2005 2868 2059 suam
2919 1983 3193 2058 oratio-

845 2120 1018 2174 nem
1073 2122 1234 2176 esse
1283 2102 1728 2196 exauditam,
1765 2106 2067 2195 pallidO,
2121 2123 2253 2197 per
2311 2103 2798 2199 affectionem,
2849 2112 2916 2178 ec
2962 2108 3190 2197 umile,

823 2239 978 2313 -per
1013 2219 1475 2294 devotionem
1513 2228 1589 2295 et
1622 2222 2170 2297 subiectionem.
2211 2223 2297 2295 Et
2332 2223 2447 2296 hic
2482 2230 2677 2317 nota,
2706 2225 2959 2319 lector,
2995 2224 3191 2318 quod

854 2338 1031 2412 illud
1084 2341 1280 2434 quod
1339 2341 1607 2416 Dantes
1658 2342 1775 2415 hic
1840 2342 2048 2438 fingit
2121 2342 2481 2417 subtiliter
2530 2343 2622 2418 de
2688 2344 2839 2417 istis
2896 2344 3193 2440 regibus

850 2465 927 2532 et
979 2459 1420 2554 principibus
1470 2460 1597 2555 qui
1655 2461 2042 2535 humiliant
2092 2482 2173 2536 se
2222 2462 2398 2555 Deo,
2461 2469 2535 2536 et
2584 2461 2912 2538 obtinent
2958 2462 3195 2536 subsi-

847 2579 1077 2674 dium,
1129 2581 1390 2655 accidit
1446 2582 1538 2656 de
1596 2581 1786 2657 facto
1839 2582 2247 2657 secundum
2317 2583 2736 2658 historicam
2803 2582 3191 2658 veritatem

848 2702 922 2776 in
962 2702 1363 2777 Theodosio
1415 2703 1861 2798 imperatore
1913 2724 2396 2778 romanorum
2451 2704 2964 2779 valentissimo.
3007 2704 3195 2778 Nam

847 2846 1019 2900 cum
1057 2831 1352 2921 gereret
1392 2825 1666 2900 bellum
1722 2831 1977 2899 contra
2018 2827 2262 2900 hostes
2297 2825 2795 2901 infestissimos
2830 2826 2903 2900 in
2936 2825 3190 2919 Gallia,

845 2945 1221 3021 humiliter
1281 2966 1680 3020 conversus
1742 2946 1834 3020 ad
1898 2966 2154 3040 preces
2212 2947 2523 3020 obtinuit
2592 2947 2789 3041 quod
2854 2947 2996 3021 tela
3060 2946 3197 3019 ho-

844 3066 1066 3141 stium
1121 3072 1731 3160 retorquerentur
1783 3067 1856 3139 in
1921 3066 2111 3161 ipsos
2173 3067 2564 3160 mittenteS,
2631 3067 2828 3141 unde
2889 3066 3195 3141 faciliter

844 3186 1098 3260 habuit
1149 3191 1471 3278 optatam
1525 3185 1939 3279 victoriam,
1992 3192 2077 3258 ut
2136 3187 2384 3260 scribit
2434 3187 2882 3284 Augustinus
2932 3186 3026 3261 de
3075 3186 3194 3261 Ci-

847 3304 1070 3378 vitate
1119 3303 1272 3396 Dei,
1325 3310 1399 3377 et
1448 3305 1819 3397 HorosiuS,
1858 3305 2071 3379 cuius
2121 3307 2226 3380 rei
2283 3305 2742 3381 miraculosae
2778 3306 2945 3382 fecit
2981 3327 3192 3381 men-

846 3422 1120 3496 tionem
1172 3422 1613 3497 Claudianus
1665 3430 1881 3517 poeta
1950 3445 2279 3521 paganus
2340 3434 2868 3507 conterraneus
2917 3426 3191 3520 Dantis,

847 3540 974 3636 qui
1025 3543 1442 3638 gratulatur
1475 3524 1878 3617 Theodosio
1930 3565 2154 3639 super
2188 3538 2326 3620 hac
2370 3547 2685 3643 gloriosa
2725 3546 3046 3640 victoria,
3082 3547 3196 3621 di-

846 3681 1066 3737 cens:
1129 3666 1190 3735 0
1238 3664 1523 3735 nimium
1589 3666 1826 3736 dilecte
1876 3669 2027 3737 Deo
2090 3668 2201 3737 cui
2259 3668 2446 3758 fudit
2506 3667 2596 3738 ab
2662 3668 2888 3740 antris
2936 3668 3192 3740 AEoliis

846 3789 1166 3855 armatas
1196 3774 1270 3875 (¹)
1320 3784 1616 3874 hyemes,
1667 3785 1779 3855 cui
1827 3787 2075 3857 militat
2121 3787 2359 3876 aellter,
2397 3790 2486 3858 Ec
2525 3789 2875 3860 coniurati
2913 3789 3196 3860 venium

847 3905 947 3973 ad
994 3903 1287 3975 classica
1339 3905 1519 3975 venti
1568 3907 1703 3976 etc.
1757 3903 1864 3977 De
1916 3925 2065 3997 quo
2099 3904 2529 3979 Ambrosius
2572 3905 2740 3980 facit
2787 3907 3191 3982 maximam

844 4022 1579 4097 commendationem.
1609 4063 1707 4076 —
1733 4028 1797 4095 E
1844 4028 2004 4098 vidi.
2042 4025 2172 4099 Hic
2221 4033 2435 4120 poeta
2489 4027 2831 4102 describit
2879 4048 3194 4103 succur-

845 4163 1011 4214 sum
1066 4143 1374 4236 petitum
1441 4142 1742 4216 missum
1795 4166 1841 4218 a
1893 4146 2071 4240 Deo,
2122 4146 2391 4222 scilicet
2452 4147 2638 4221 duos
2704 4149 3006 4245 angelos
3069 4169 3196 4222 ar-

850 4267 1084 4335 matos
1135 4261 1508 4337 venientes
1557 4264 1649 4337 ad
1711 4264 2207 4341 defensionem
2269 4287 2529 4341 eorum
2599 4276 2855 4343 contra
2915 4269 3191 4342 durum

847 4379 1353 4455 adversarium
1406 4388 1480 4458 et
1530 4391 1941 4480 potentem3
1985 4387 2182 4462 unde
2230 4387 2439 4462 dicit:
2478 4393 2542 4460 E
2587 4392 2732 4463 vidi
2778 4392 2913 4463 due
2958 4391 3198 4483 anyeli

973 4632 1029 4690 (·)
1060 4631 1121 4682 Ε.
1153 4639 1386 4683 armatus
1416 4636 1589 4699 hyems
1619 4637 1718 4687 συί.
