3704 5559
1215 509 1491 562 CAN'rns
1542 508 1854 563 nEcuuus
1903 510 2227 563 TEn'rms.
2743 499 2878 564 361

538 654 661 730 clte‘
705 660 780 729 in
832 656 1074 746 altrui,
1109 654 1399 748 scilicet,
1438 654 1511 727 in
1565 655 1907 728 euntibus
1958 657 2049 729 ad
2101 656 2651 753 indulgentiam,
2695 643 2889 747 pietd

541 785 715 849 tosto
764 779 829 848 si
871 796 1141 867 poyna,
1192 775 1398 869 idest,
1442 775 1847 869 compassio
1898 775 2041 848 cito
2094 782 2517 872 generetur,
2567 797 2710 849 non
2747 796 2889 867 pur

536 918 666 989 per
715 899 784 968 lo
835 915 1060 967 sonat·
1111 897 1285 967 delle
1312 898 1594 986 parole,
1633 894 1900 987 quibus
1943 888 2261 969 multum
2307 905 2708 992 provocant
2747 916 2886 969 au-

539 1017 817 1090 dientes
869 1015 1023 1110 pios
1072 1015 1164 1088 ad
1221 1015 1822 1109 misericordiam,
1874 1037 1993 1088 ma
2036 1037 2168 1107 per
2223 1020 2296 1089 la
2347 1021 2524 1089 vista
2573 1019 2693 1090 che
2742 1036 2888 1088 nou

542 1157 742 1208 meno
793 1157 1105 1227 aqoyna,
1141 1135 1346 1229 idest,
1385 1136 1601 1209 latrat
1651 1142 1726 1209 et
1772 1137 2044 1210 clamat
2092 1137 2166 1210 in
2201 1137 2492 1231 effectu,
2538 1137 2688 1209 imo
2724 1155 2886 1208 ma-

543 1257 655 1353 gis
704 1262 952 1331 movet
1002 1256 1096 1330 ad
1145 1245 1722 1351 compassionem
1778 1257 2124 1332 videntes.
2164 1259 2251 1330 Et
2286 1258 2401 1333 hic
2443 1264 2616 1332 nota
2652 1277 2888 1351 quan-

543 1362 704 1449 tum
756 1376 892 1449 ista
941 1376 1415 1471 comparatio,
1469 1396 1638 1469 quae
1688 1376 1979 1451 videtur
2030 1378 2442 1451 communis
2496 1386 2571 1452 et
2629 1378 2886 1452 dome-

543 1496 747 1591 stica,
782 1502 894 1571 est
919 1495 1427 1592 propriissima
1477 1517 1610 1589 per
1655 1516 1913 1570 omnes
1948 1504 2191 1591 partes
2234 1518 2427 1572 suaS.
2467 1497 2650 1571 Caeci
2689 1496 2883 1571 enim

543 1622 732 1690 stant
752 1617 968 1711 juxta
1005 1617 1360 1711 templum
1395 1623 1755 1707 sanctum,
1792 1621 1868 1688 et
1919 1616 2017 1690 ita
2067 1617 2311 1711 invidi,
2344 1618 2467 1712 qui
2501 1624 2674 1690 sunt
2711 1618 2886 1690 caeci

543 1736 716 1830 quia
767 1737 1037 1811 habent
1085 1738 1340 1810 oculos
1373 1735 1490 1809 hic
1524 1736 1834 1829 clausoS,
1870 1743 2063 1809 stant
2093 1737 2309 1830 juxta
2354 1742 2680 1811 montem
2717 1758 2888 1810 san-

548 1861 792 1949 ctum3
845 1861 918 1930 et
968 1856 1156 1930 sicut
1205 1855 1381 1930 caeci
1433 1856 1788 1929 sustinent
1839 1861 1914 1929 et
1973 1863 2405 1950 supportant
2459 1879 2651 1930 unus
2703 1859 2888 1931 alte-

547 1996 741 2068 rum,
786 1976 884 2049 ita
927 1975 1146 2050 invidi
1181 1977 1332 2050 hic:
1371 1982 1442 2049 et
1477 1975 1668 2049 sicut
1701 1975 1875 2049 caeci
1920 1983 2136 2048 orant
2171 1976 2288 2070 pie
2322 1984 2651 2071 petentes
2687 1976 2885 2053 elee-

547 2096 907 2170 mosinam
972 2117 1121 2189 qua
1198 2096 1541 2191 indigent,
1620 2095 1715 2168 ita
1793 2095 2011 2168 invidi
2090 2096 2206 2190 pie
2281 2102 2495 2171 orant
2559 2103 2890 2192 petentes

548 2215 837 2290 veniam
893 2236 1040 2309 qua
1102 2215 1463 2311 indigent3
1518 2221 1592 2288 et
1642 2215 1829 2288 sicut
1888 2215 2114 2308 aliqui
2184 2221 2445 2290 euntes
2499 2217 2713 2311 juxta
2766 2237 2890 2291 ec-

549 2334 841 2410 clesiam
896 2342 1290 2410 moventur
1340 2335 1433 2408 ad
1482 2333 2066 2429 compassionem
2113 2355 2292 2430 erga
2328 2356 2561 2409 caecos
2604 2342 2754 2411 tam
2792 2357 2885 2411 ex

545 2456 826 2531 actibus
875 2476 1100 2549 quam
1138 2475 1230 2529 ex
1267 2455 1532 2549 verbiS,
1584 2456 1682 2530 ita
1717 2455 1831 2529 isti
1866 2462 2103 2550 poetae
2138 2461 2397 2530 euntes
2422 2458 2637 2550 Juxta
2674 2477 2889 2539 mon-

548 2582 697 2650 tem
738 2577 1228 2652 movebantur
1262 2577 1354 2650 ad
1390 2576 1972 2672 compassionem
2000 2596 2179 2672 erga
2205 2576 2379 2650 istos
2420 2577 2699 2651 invidos
2735 2584 2886 2653 tam

547 2717 641 2772 ex
691 2698 973 2772 actibus
1022 2718 1248 2792 quam
1301 2717 1392 2772 ex
1445 2696 1709 2771 verbiS.
1739 2737 1838 2749 —
1864 2703 1930 2769 E
1963 2718 2174 2770 come.
2211 2698 2342 2770 Hic
2377 2703 2589 2792 poeta
2628 2697 2890 2771 ultimo

548 2818 888 2922 describit
911 2818 1240 2892 ultimam
1259 2839 1563 2912 poenam
1592 2818 2055 2904 durissimam
2083 2817 2498 2891 invidorum
2526 2839 2659 2912 per
2685 2838 2891 2893 com-

551 2937 1006 3031 parationem
1041 2937 1476 3012 eorumdem
1532 2957 1929 3031 caecorum,
1968 2957 2135 3030 quae
2188 2945 2300 3011 est
2347 2937 2678 3012 similiter
2721 2959 2893 3033 pro-

555 3056 951 3151 priissima3
1003 3063 1077 3131 et
1128 3058 1287 3131 vult
1336 3057 1585 3132 dicere
1636 3055 2184 3149 sententialiter,
2238 3056 2434 3149 quod
2486 3057 2672 3130 sicut
2723 3058 2894 3132 caeci

548 3183 719 3251 sunt
769 3178 1030 3272 privati
1079 3176 1265 3272 visu,
1308 3178 1406 3251 ita
1448 3178 1644 3271 quod
1679 3196 1826 3251 non
1868 3183 2171 3270 possunt
2212 3176 2462 3251 videre
2496 3178 2754 3273 solem,
2796 3179 2896 3254 ita

549 3297 663 3371 isti
711 3296 932 3372 invidi
983 3298 1254 3371 habent
1304 3297 1555 3371 oculos
1604 3298 1917 3390 clausos,
1971 3297 2069 3370 ita
2133 3296 2333 3390 quod
2393 3316 2539 3370 non
2592 3305 2898 3392 possunt

550 3416 801 3492 videre
849 3418 1080 3491 solem
1124 3416 1448 3511 justitiae,
1501 3417 1761 3491 Deum.
1827 3415 2011 3491 Dicit
2074 3436 2294 3512 ergo:
2363 3421 2428 3489 E
2489 3437 2682 3490 come
2750 3421 2899 3508 ayla·

547 3538 706 3610 orbi
751 3557 894 3611 non
947 3540 1276 3631 appr-oda
1324 3540 1381 3610 il
1423 3541 1591 3627 sole,
1629 3537 1835 3631 idest,
1880 3557 2026 3611 non
2067 3536 2351 3632 proficit
2402 3538 2657 3611 lumen
2699 3538 2892 3633 solis,

549 3657 747 3751 quod
800 3677 946 3731 non
997 3657 1264 3751 vident,
1318 3663 1391 3731 et
1442 3657 1653 3732 cuius
1704 3656 2194 3752 pulcritudine
2233 3663 2307 3730 et
2340 3656 2508 3731 luce
2541 3677 2689 3730 non
2725 3678 2896 3750 pos-

550 3783 723 3849 sunt
789 3776 1172 3871 delectari3
1223 3770 1366 3850 cosi
1417 3798 1467 3849 a
1517 3781 1561 3850 ἴ
1588 3778 1854 3866 ombre,
1908 3776 2111 3870 idest,
2164 3775 2553 3849 animabus
2611 3774 2894 3849 invido-

553 3916 748 3990 rum,
801 3898 946 3969 luce
992 3898 1108 3969 del
1148 3898 1299 3989 ciel,
1334 3896 1517 3970 idest
1551 3896 1682 3990 sol,
1723 3895 2019 3989 scilicet,
2056 3895 2281 3986 Deus,
2314 3915 2459 3967 non
2510 3896 2707 3966 vuole
2741 3896 2895 3965 lar-

549 4018 667 4107 9ir
734 4019 810 4091 di
871 3997 972 4109 se,
1023 4016 1206 4092 idest
1254 4038 1404 4091 non
1456 4017 1614 4091 vult
1673 4016 1952 4090 donare
2010 4035 2114 4110 se,
2166 4017 2309 4108 qui,
2358 4014 2564 4107 idest,
2625 4013 2698 4087 in
2758 4014 2895 4088 isto

551 4119 874 4211 secundo
906 4136 1209 4231 circulo,
1257 4139 1419 4209 dov'
1446 4139 1516 4209 io
1542 4139 1832 4230 parlav’
1846 4156 2010 4226 ora,
2039 4134 2213 4229 quia
2247 4134 2362 4209 isti
2404 4154 2550 4209 non
2591 4141 2898 4229 possunt

550 4258 805 4333 videre
852 4258 1090 4333 Deum
1142 4258 1496 4352 quamdiu
1548 4263 1743 4331 stant
1793 4256 1867 4329 in
1918 4256 2055 4330 ista
2106 4275 2348 4350 poena,
2404 4256 2531 4330 sed
2581 4262 2897 4354 purgata

549 4378 768 4474 culpa
818 4377 1190 4473 videbunt,
1241 4377 1431 4453 sicut
1483 4376 1701 4450 modo
1753 4382 2006 4471 optant
2055 4382 2131 4450 et
2188 4381 2504 4470 sperant.
2570 4374 2655 4447 Et
2715 4374 2898 4449 assi-

547 4505 728 4597 gnat
773 4518 1103 4594 causam,
1139 4497 1440 4574 dicens:
1494 4500 1613 4570 che
1664 4518 1715 4568 α
1763 4503 1922 4570 tutte
1969 4518 2065 4571 un
2100 4499 2186 4589 fil
2219 4498 2296 4570 di
2336 4500 2540 4589 ferro
2589 4497 2646 4568 il
2691 4497 2897 4585 ciylio

545 4622 744 4714 sora,
794 4617 980 4694 idest
1042 4617 1209 4714 suit,
1263 4625 1348 4692 ut
1405 4616 1592 4691 infra
1650 4615 1916 4692 dicitur
1977 4615 2301 4711 plenius:
2364 4622 2438 4690 et
2500 4614 2626 4689 dat
2686 4612 2891 4689 filum

2942 3501 2955 3539 Ι
