3704 5559
880 469 1019 534 460
1606 480 2013 537 coMEN'rUM
2064 481 2509 547 Ρωισηιιτοιῑιις

865 645 999 715 per
1056 604 1157 697 se*
1190 632 1435 716 stessa,
1486 623 1690 720 idest,
1753 626 2064 700 cessavit
2132 632 2206 701 et
2268 625 2551 719 defecit,
2603 647 2652 697 α
2715 629 2922 717 ym'sa
2983 629 3052 699 ιΐ
3080 646 3223 697 una

879 747 1089 837 bulla,
1145 746 1351 841 idest,
1404 746 1593 820 sicut
1643 747 1990 841 ampulla,
2028 751 2139 820 cui
2170 766 2428 820 manca
2467 750 2511 819 Γ
2539 766 2792 839 acqua,
2831 746 3034 840 idest,
3072 766 3229 820 ma-

873 868 1055 940 teria
1108 888 1200 941 ex
1254 889 1425 961 qua,
1475 874 1653 940 solco
1706 870 1878 959 qual
1905 871 1969 939 si
1995 872 2156 961 feo;
2199 867 2390 942 sicut
2434 867 2628 942 enim
2670 866 3001 941 videmus
3038 874 3227 940 tem-

873 1008 1055 1082 pore
1106 987 1370 1082 pluviae
1422 987 1496 1060 in
1545 1009 1763 1083 aqua,
1803 988 2095 1082 quando
2148 1009 2298 1062 una
2350 987 2549 1061 bulla
2600 988 2923 1062 vanescit
2975 994 3048 1062 et
3100 1008 3219 1061 re-

875 1107 1182 1181 solvitur
1232 1107 1374 1181 alia
1424 1108 1669 1181 statim
1722 1108 2071 1202 nascitur,
2126 1108 2226 1183 ita
2275 1127 2474 1181 nunc
2529 1128 2673 1180 una
2728 1106 2969 1205 figura
3021 1107 3219 1182 finita

875 1228 952 1300 in
1004 1235 1251 1302 mente
1299 1228 1602 1322 autoriS,
1654 1229 1796 1302 alia
1846 1228 2327 1323 subintrabat,
2381 1227 2508 1301 sed
2559 1249 2826 1322 parum
2879 1228 3217 1323 durabat,

879 1347 1063 1421 sicut
1114 1347 1313 1422 bulla
1364 1349 1438 1421 in
1488 1369 1726 1442 aqua3
1776 1370 1977 1421 surse
2035 1352 2109 1421 in
2168 1352 2312 1421 mia
2370 1349 2657 1437 visione,
2710 1347 2914 1442 idest,
2968 1347 3041 1420 in
3101 1348 3220 1423 illa

874 1467 1384 1561 abstractione,
1426 1488 1571 1541 una
1600 1471 1966 1561 fanciulla,
2003 1467 2295 1561 scilicet,
2335 1467 2543 1563 virgo
2593 1466 2892 1540 Lavinia
2943 1466 3222 1542 formo-

874 1586 1178 1680 sissima,
1222 1590 1627 1680 pianyendo
1671 1593 1884 1682 forte,
1938 1608 2161 1681 super
2226 1593 2542 1660 mortem
2588 1585 2887 1659 infelicis
2942 1586 3225 1681 matris,

873 1730 910 1779 e
969 1709 1190 1798 dicea,
1250 1708 1454 1801 idest,
1516 1707 1761 1783 dicere
1825 1708 2210 1782 videbatur
2278 1706 2350 1778 in
2421 1707 2763 1800 planctu:
2827 1728 2871 1778 o
2941 1711 3222 1798 reyina,

874 1835 1113 1903 mater
1166 1849 1330 1902 mea
1381 1829 1664 1922 Amata,
1711 1822 1969 1921 perche*
1999 1831 2116 1901 hai
2149 1830 2379 1901 voluto
2407 1848 2545 1918 per
2582 1830 2698 1899 ira
2739 1848 2928 1899 esser
2969 1830 3219 1900 nulla?

870 1948 1053 2036 Quia
1106 1949 1212 2022 ira
1265 1948 1610 2023 incitante
1661 1955 1919 2043 sponte
1968 1948 2290 2022 abiecisti
2344 1968 2526 2041 esse,
2580 1968 2729 2040 quo
2783 1947 2958 2020 nihil
3007 1947 3220 2020 nobi-

872 2070 1011 2142 lius
1062 2070 1256 2143 Deus
1292 2075 1365 2144 et
1401 2076 1665 2142 natura
1707 2069 1945 2143 dedit?
1978 2070 2066 2141 Et
2100 2089 2274 2143 ecce
2309 2069 2716 2162 quomodo:
2758 2072 3003 2141 ancisa
3042 2069 3219 2140 t’hai

860 2210 995 2281 per
1045 2167 1188 2261 noh
1232 2191 1492 2280 perder
1542 2191 1840 2279 Lavino,
1893 2188 2117 2263 filiam
2173 2196 2400 2263 tuam.
2454 2189 2607 2263 Hoc
2656 2189 2827 2264 dicit
2880 2189 3052 2282 quia
3104 2188 3217 2263 vi-

869 2308 1182 2383 debatur
1250 2306 1347 2379 illi
1414 2306 1724 2400 perdere
1790 2328 1957 2381 eam
2024 2308 2084 2380 si
2145 2308 2523 2382 deveniret
2590 2308 2683 2381 ad
2746 2329 3013 2382 manus
3074 2306 3213 2382 viri

871 2428 1242 2521 extranei3
1279 2448 1367 2500 or
1401 2430 1621 2500 m’lzai
1646 2430 1975 2519 perdum,
2002 2427 2503 2503 interficiendo
2540 2435 2649 2522 te3
2686 2435 2760 2503 et
2795 2428 3209 2503 manifestat

867 2570 969 2644 se,
1021 2548 1304 2623 dicens:
1356 2551 1427 2620 io
1474 2569 1650 2621 sono
1701 2569 1885 2639 essa,
1937 2547 2227 2643 scilicet,
2264 2548 2584 2642 Lavinia,
2622 2551 2739 2621 che
2775 2552 2970 2640 luth,
3009 2549 3212 2643 idest,

870 2669 1098 2764 ploro,
1152 2671 1426 2758 madre,
1477 2667 1681 2761 idest,
1736 2689 1782 2741 o
1837 2674 2075 2741 mater
2129 2688 2321 2762 mea,
2362 2671 2537 2760 pria
2586 2672 2734 2741 alla
2785 2675 2907 2740 tua
2956 2672 3213 2742 rovina

825 2819 830 2824 ·
868 2792 1101 2864 ck’all'
1117 2793 1348 2863 altrui.
1385 2791 1538 2862 Hoc
1572 2789 1762 2882 dicit,
1792 2788 1965 2882 quia
2002 2789 2262 2863 Amata
2299 2795 2750 2883 praemortua
2787 2796 2899 2864 est
2941 2791 3213 2882 Turno,

868 2911 1039 3004 quia
1091 2910 1417 2983 nondum
1469 2909 1764 2982 Turnus
1814 2908 2099 2983 occisus
2134 2913 2295 2982 erat
2328 2908 2424 2982 ab
2478 2910 2698 3003 Enea,
2736 2910 2945 3002 quasi
2983 2909 3211 2984 dicat:

863 3032 1066 3126 prius
1115 3031 1323 3126 ploro
1376 3030 1472 3103 ob
1524 3036 1842 3104 mortem
1898 3035 2102 3102 tuam
2139 3029 2723 3125 ignominiosam,
2762 3050 2988 3124 quam
3033 3031 3216 3105 alio-

865 3171 1061 3243 rum,
1114 3150 1240 3243 qui
1292 3170 1426 3244 pro
1478 3169 1601 3223 me
1650 3149 1969 3245 gloriose
2019 3148 2294 3221 mortui
2345 3156 2537 3222 sunt.
2577 3150 2665 3222 Et
2716 3149 2832 3224 hic
2875 3157 3065 3242 nota,
3101 3150 3211 3223 le-

865 3275 1047 3361 ctor,
1099 3268 1297 3361 quod
1348 3268 1688 3363 Virgilius
1740 3269 1929 3341 hanc
1980 3268 2346 3342 fictionem
2388 3270 2665 3364 accepit
2714 3271 2810 3344 ab
2859 3271 3209 3362 HomerO,

866 3387 994 3479 qui
1045 3386 1117 3458 in
1177 3387 1272 3459 XI
1307 3386 1644 3481 Odysseae
1692 3386 2088 3460 introducit
2146 3388 2525 3462 Anticliam
2588 3396 2901 3464 matrem
2962 3388 3211 3486 Ulyxis

866 3525 1034 3599 quae
1084 3505 1420 3599 apparuit
1462 3504 1607 3578 filio
1648 3505 1724 3577 in
1773 3505 2059 3580 inferno
2094 3507 2283 3582 inter
2317 3507 2495 3582 alias
2536 3508 2818 3583 animas
2870 3509 3207 3604 illustres,

865 3632 937 3700 et
989 3625 1315 3700 narravit
1350 3625 1663 3720 qualiter
1707 3645 1787 3700 se
1827 3626 2292 3701 interfecerat
2333 3627 2407 3701 in
2444 3628 2589 3702 vita
2625 3628 2982 3703 desiderio
3024 3629 3207 3703 eiuS.

865 3746 1065 3822 Sicut
1134 3767 1314 3843 ergo
1388 3747 1690 3821 Anticlia
1760 3747 2136 3841 suspendit
2212 3768 2293 3822 se
2361 3749 2625 3842 laqueo
2691 3749 2954 3823 timens
3022 3750 3211 3824 ami-

862 3866 1040 3942 sisse
1089 3866 1639 3941 dilectissimum
1692 3866 1921 3939 filium
1977 3888 2223 3961 suum,
2268 3868 2367 3941 ita
2411 3868 2672 3943 Amata
2723 3870 2989 3944 timens
3039 3890 3212 3964 per-

861 3986 1121 4061 didisse
1171 3987 1546 4062 Laviniam
1599 3987 1817 4061 filiam
1874 3987 2414 4062 dilectissimam
2469 3995 2542 4063 et
2592 3991 2922 4063 Turnum
2979 4010 3211 4087 gene-

862 4128 1032 4180 rum
1084 4128 1329 4180 suum.

1013 4232 1219 4299 Come
1265 4229 1329 4300 si
1370 4231 1652 4321 franye.
1705 4228 1849 4302 Ista
1915 4233 2025 4300 est
2089 4229 2411 4302 secunda
2477 4250 2645 4323 pars
2706 4230 3072 4326 generalis
3134 4230 3210 4305 in

859 4365 1003 4439 qua
1056 4351 1276 4439 poeta
1327 4345 1668 4420 describit
1724 4346 2256 4442 apparitionem
2319 4349 2582 4446 angeli,
2639 4348 2764 4442 qui
2827 4349 3208 4424 mundavit

858 4484 1034 4539 eum
1085 4484 1130 4537 a
1183 4463 1356 4538 vitio
1407 4464 1538 4539 irae
1588 4473 1662 4540 et
1712 4466 1979 4540 direxit
2029 4466 2122 4541 ad
2161 4466 2388 4540 alium
2427 4467 2811 4562 circulum,
2857 4467 2981 4540 ubi
3025 4490 3207 4562 pur-

857 4591 1077 4681 gatur
1126 4583 1324 4658 aliud
1374 4585 1655 4660 vitium.
1709 4587 1796 4659 Et
1846 4585 2085 4681 primo
2136 4587 2445 4660 ostendit
2496 4585 2869 4681 quomodo
2922 4587 3200 4663 excita-
