<?xml version="1.0" encoding="UTF-8"?>
<!DOCTYPE html PUBLIC "-//W3C//DTD XHTML 1.0 Transitional//EN"
    "http://www.w3.org/TR/xhtml1/DTD/xhtml1-transitional.dtd">
<html xmlns="http://www.w3.org/1999/xhtml" xml:lang="en" lang="en">
 <head>
  <title>
</title>
<meta http-equiv="Content-Type" content="text/html;charset=utf-8" />
  <meta name='ocr-system' content='tesseract 3.04.00' />
  <meta name='ocr-capabilities' content='ocr_page ocr_carea ocr_par ocr_line ocrx_word'/>
</head>
<body>
  <div class='ocr_page' id='page_1' title='image "benvenutideramb00lacagoog_0278.png"; bbox 0 0 3704 5559; ppageno 0'>
   <div class='ocr_carea' id='block_1_1' title="bbox 839 492 2459 558">
    <p class='ocr_par' dir='ltr' id='par_1_1' title="bbox 839 492 2459 558">
     <span class='ocr_line' id='line_1_1' title="bbox 839 492 2459 558; baseline -0.005 0"><span class='ocrx_word' id='word_1_1' title='bbox 839 492 981 558; x_wconf 84' lang='lat'>266</span> <span class='ocrx_word' id='word_1_2' title='bbox 1564 500 1970 556; x_wconf 76' lang='lat' dir='ltr'>coMENTUM</span> <span class='ocrx_word' id='word_1_3' title='bbox 2021 499 2459 554; x_wconf 71' lang='lat' dir='ltr'>runouonn</span> 
     </span>
    </p>
   </div>
   <div class='ocr_carea' id='block_1_2' title="bbox 823 644 3190 4469">
    <p class='ocr_par' dir='ltr' id='par_1_2' title="bbox 823 644 3190 4469">
     <span class='ocr_line' id='line_1_2' title="bbox 823 644 3180 742; baseline -0.001 -21"><span class='ocrx_word' id='word_1_4' title='bbox 823 644 951 742; x_wconf 72' lang='grc' dir='ltr'><strong><em>ρι’ΐι</em></strong></span> <span class='ocrx_word' id='word_1_5' title='bbox 999 652 1118 721; x_wconf 79' lang='lat' dir='ltr'>che</span> <span class='ocrx_word' id='word_1_6' title='bbox 1145 669 1382 739; x_wconf 79' lang='lat' dir='ltr'>perso,</span> <span class='ocrx_word' id='word_1_7' title='bbox 1419 646 1623 740; x_wconf 88' lang='lat' dir='ltr'>idest,</span> <span class='ocrx_word' id='word_1_8' title='bbox 1661 646 2048 740; x_wconf 84' lang='lat' dir='ltr'><strong>plusquam</strong></span> <span class='ocrx_word' id='word_1_9' title='bbox 2087 646 2289 719; x_wconf 92' lang='lat' dir='ltr'>color</span> <span class='ocrx_word' id='word_1_10' title='bbox 2325 644 2782 719; x_wconf 79' lang='lat' dir='ltr'>semifuscuS.</span> <span class='ocrx_word' id='word_1_11' title='bbox 2819 645 2964 718; x_wconf 89' lang='lat' dir='ltr'>Iste</span> <span class='ocrx_word' id='word_1_12' title='bbox 3005 665 3180 740; x_wconf 85' lang='lat' dir='ltr'>gra-</span> 
     </span>
     <span class='ocr_line' id='line_1_3' title="bbox 833 763 3181 862; baseline -0.003 -19"><span class='ocrx_word' id='word_1_13' title='bbox 833 769 970 843; x_wconf 92' lang='lat' dir='ltr'>dus</span> <span class='ocrx_word' id='word_1_14' title='bbox 1020 766 1382 842; x_wconf 90' lang='lat' dir='ltr'>secundus</span> <span class='ocrx_word' id='word_1_15' title='bbox 1435 764 1701 862; x_wconf 86' lang='lat' dir='ltr'>figurat</span> <span class='ocrx_word' id='word_1_16' title='bbox 1752 764 2305 858; x_wconf 84' lang='lat' dir='ltr'>confessionem,</span> <span class='ocrx_word' id='word_1_17' title='bbox 2350 785 2518 858; x_wconf 83' lang='lat' dir='ltr'>quae</span> <span class='ocrx_word' id='word_1_18' title='bbox 2568 764 2804 859; x_wconf 90' lang='lat' dir='ltr'>aperit</span> <span class='ocrx_word' id='word_1_19' title='bbox 2858 763 3181 861; x_wconf 84' lang='lat' dir='ltr'>nigredi-</span> 
     </span>
     <span class='ocr_line' id='line_1_4' title="bbox 836 885 3183 982; baseline -0.001 -20"><span class='ocrx_word' id='word_1_20' title='bbox 836 909 1005 963; x_wconf 92' lang='lat' dir='ltr'>nem</span> <span class='ocrx_word' id='word_1_21' title='bbox 1058 887 1292 962; x_wconf 90' lang='lat' dir='ltr'>cordis</span> <span class='ocrx_word' id='word_1_22' title='bbox 1345 885 1568 980; x_wconf 82' lang='lat' dir='ltr'>tincti,</span> <span class='ocrx_word' id='word_1_23' title='bbox 1618 885 1773 959; x_wconf 83' lang='lat' dir='ltr'>sive</span> <span class='ocrx_word' id='word_1_24' title='bbox 1825 885 2033 982; x_wconf 86' lang='lat' dir='ltr'>tingit</span> <span class='ocrx_word' id='word_1_25' title='bbox 2067 905 2195 959; x_wconf 94' lang='lat' dir='ltr'>cor</span> <span class='ocrx_word' id='word_1_26' title='bbox 2231 885 2515 979; x_wconf 88' lang='lat' dir='ltr'>pudore</span> <span class='ocrx_word' id='word_1_27' title='bbox 2556 892 2629 960; x_wconf 93' lang='lat' dir='ltr'>et</span> <span class='ocrx_word' id='word_1_28' title='bbox 2663 885 2936 960; x_wconf 91' lang='lat' dir='ltr'>dolore.</span> <span class='ocrx_word' id='word_1_29' title='bbox 2977 885 3183 959; x_wconf 91' lang='lat' dir='ltr'>Unde</span> 
     </span>
     <span class='ocr_line' id='line_1_5' title="bbox 834 1005 3183 1100; baseline -0.002 -18"><span class='ocrx_word' id='word_1_30' title='bbox 834 1009 1052 1083; x_wconf 89' lang='lat' dir='ltr'>dicit:</span> <span class='ocrx_word' id='word_1_31' title='bbox 1120 1011 1357 1081; x_wconf 81' lang='lat' dir='ltr'>d&#39;una</span> <span class='ocrx_word' id='word_1_32' title='bbox 1407 1010 1715 1100; x_wconf 82' lang='lat' dir='ltr'>petrina,</span> <span class='ocrx_word' id='word_1_33' title='bbox 1769 1005 1974 1100; x_wconf 86' lang='lat' dir='ltr'>idest,</span> <span class='ocrx_word' id='word_1_34' title='bbox 2042 1006 2282 1100; x_wconf 88' lang='lat' dir='ltr'>specie</span> <span class='ocrx_word' id='word_1_35' title='bbox 2343 1013 2590 1099; x_wconf 86' lang='lat' dir='ltr'>petrae,</span> <span class='ocrx_word' id='word_1_36' title='bbox 2652 1009 2911 1079; x_wconf 81' lang='lat' dir='ltr'>ruvida</span> <span class='ocrx_word' id='word_1_37' title='bbox 2969 1028 3005 1077; x_wconf 84' lang='lat' dir='ltr'>e</span> <span class='ocrx_word' id='word_1_38' title='bbox 3053 1027 3183 1077; x_wconf 84' lang='lat' dir='ltr'>ar-</span> 
     </span>
     <span class='ocr_line' id='line_1_6' title="bbox 833 1125 3180 1220; baseline -0.001 -19"><span class='ocrx_word' id='word_1_39' title='bbox 833 1131 1069 1220; x_wconf 78' lang='lat' dir='ltr'>sicoia,</span> <span class='ocrx_word' id='word_1_40' title='bbox 1141 1128 1240 1202; x_wconf 94' lang='lat' dir='ltr'>ita</span> <span class='ocrx_word' id='word_1_41' title='bbox 1310 1133 1592 1202; x_wconf 91' lang='lat' dir='ltr'>cremat</span> <span class='ocrx_word' id='word_1_42' title='bbox 1660 1148 1789 1201; x_wconf 89' lang='lat' dir='ltr'>cor</span> <span class='ocrx_word' id='word_1_43' title='bbox 1858 1126 2132 1199; x_wconf 91' lang='lat' dir='ltr'>durum</span> <span class='ocrx_word' id='word_1_44' title='bbox 2200 1125 2582 1219; x_wconf 81' lang='lat' dir='ltr'>confessio,</span> <span class='ocrx_word' id='word_1_45' title='bbox 2653 1132 2728 1199; x_wconf 91' lang='lat' dir='ltr'>et</span> <span class='ocrx_word' id='word_1_46' title='bbox 2796 1132 3180 1218; x_wconf 88' lang='lat' dir='ltr'>tamquam</span> 
     </span>
     <span class='ocr_line' id='line_1_7' title="bbox 836 1245 3182 1345; baseline -0.002 -24"><span class='ocrx_word' id='word_1_47' title='bbox 836 1248 1022 1345; x_wconf 82' lang='lat' dir='ltr'>ignis</span> <span class='ocrx_word' id='word_1_48' title='bbox 1072 1246 1409 1322; x_wconf 91' lang='lat' dir='ltr'>salutaris</span> <span class='ocrx_word' id='word_1_49' title='bbox 1467 1254 1772 1344; x_wconf 84' lang='lat' dir='ltr'>purgat3</span> <span class='ocrx_word' id='word_1_50' title='bbox 1828 1246 1991 1321; x_wconf 90' lang='lat' dir='ltr'>ideo</span> <span class='ocrx_word' id='word_1_51' title='bbox 2044 1245 2262 1320; x_wconf 88' lang='lat' dir='ltr'>dicit:</span> <span class='ocrx_word' id='word_1_52' title='bbox 2315 1254 2601 1338; x_wconf 80' lang='lat' dir='ltr'>orepala</span> <span class='ocrx_word' id='word_1_53' title='bbox 2648 1267 2783 1337; x_wconf 84' lang='lat' dir='ltr'>per</span> <span class='ocrx_word' id='word_1_54' title='bbox 2841 1248 2910 1318; x_wconf 88' lang='lat' dir='ltr'>lo</span> <span class='ocrx_word' id='word_1_55' title='bbox 2968 1248 3182 1336; x_wconf 76' lang='lat' dir='ltr'>lunyo</span> 
     </span>
     <span class='ocr_line' id='line_1_8' title="bbox 839 1365 3185 1462; baseline -0.001 -21"><span class='ocrx_word' id='word_1_56' title='bbox 839 1391 875 1441; x_wconf 85' lang='lat' dir='ltr'>e</span> <span class='ocrx_word' id='word_1_57' title='bbox 913 1390 1051 1461; x_wconf 83' lang='lat' dir='ltr'>per</span> <span class='ocrx_word' id='word_1_58' title='bbox 1102 1376 1418 1441; x_wconf 78' lang='lat' dir='ltr'>traverso</span> <span class='ocrx_word' id='word_1_59' title='bbox 1439 1394 1468 1459; x_wconf 85' lang='lat'>,·</span> <span class='ocrx_word' id='word_1_60' title='bbox 1520 1368 1691 1462; x_wconf 89' lang='lat' dir='ltr'>quia</span> <span class='ocrx_word' id='word_1_61' title='bbox 1744 1365 2100 1441; x_wconf 82' lang='lat' dir='ltr'>confessio</span> <span class='ocrx_word' id='word_1_62' title='bbox 2137 1365 2449 1439; x_wconf 84' lang='lat' dir='ltr'>rimatur</span> <span class='ocrx_word' id='word_1_63' title='bbox 2484 1366 2733 1440; x_wconf 88' lang='lat' dir='ltr'>omnia</span> <span class='ocrx_word' id='word_1_64' title='bbox 2765 1372 3071 1458; x_wconf 89' lang='lat' dir='ltr'>secreta,</span> <span class='ocrx_word' id='word_1_65' title='bbox 3108 1372 3185 1439; x_wconf 88' lang='lat' dir='ltr'>et</span> 
     </span>
     <span class='ocr_line' id='line_1_9' title="bbox 839 1484 3184 1581; baseline -0.001 -19"><span class='ocrx_word' id='word_1_66' title='bbox 839 1487 1030 1562; x_wconf 88' lang='lat' dir='ltr'>elicit</span> <span class='ocrx_word' id='word_1_67' title='bbox 1080 1487 1247 1562; x_wconf 92' lang='lat' dir='ltr'>inde</span> <span class='ocrx_word' id='word_1_68' title='bbox 1298 1488 1574 1561; x_wconf 90' lang='lat' dir='ltr'>saniem</span> <span class='ocrx_word' id='word_1_69' title='bbox 1628 1507 1721 1561; x_wconf 83' lang='lat' dir='ltr'>ex</span> <span class='ocrx_word' id='word_1_70' title='bbox 1773 1486 1971 1559; x_wconf 91' lang='lat' dir='ltr'>omni</span> <span class='ocrx_word' id='word_1_71' title='bbox 2026 1491 2260 1579; x_wconf 89' lang='lat' dir='ltr'>parte,</span> <span class='ocrx_word' id='word_1_72' title='bbox 2312 1486 2498 1560; x_wconf 93' lang='lat' dir='ltr'>sicut</span> <span class='ocrx_word' id='word_1_73' title='bbox 2548 1485 2732 1581; x_wconf 84' lang='lat' dir='ltr'>ignis</span> <span class='ocrx_word' id='word_1_74' title='bbox 2783 1484 2954 1560; x_wconf 86' lang='lat' dir='ltr'>facit</span> <span class='ocrx_word' id='word_1_75' title='bbox 3002 1504 3184 1560; x_wconf 82' lang='lat' dir='ltr'>exa-</span> 
     </span>
     <span class='ocr_line' id='line_1_10' title="bbox 836 1606 3183 1699; baseline -0 -18"><span class='ocrx_word' id='word_1_76' title='bbox 836 1609 994 1683; x_wconf 90' lang='lat' dir='ltr'>lare</span> <span class='ocrx_word' id='word_1_77' title='bbox 1043 1610 1323 1683; x_wconf 89' lang='lat' dir='ltr'>malum</span> <span class='ocrx_word' id='word_1_78' title='bbox 1377 1610 1769 1682; x_wconf 89' lang='lat' dir='ltr'>humorem</span> <span class='ocrx_word' id='word_1_79' title='bbox 1822 1626 1916 1680; x_wconf 83' lang='lat' dir='ltr'>ex</span> <span class='ocrx_word' id='word_1_80' title='bbox 1971 1613 2169 1681; x_wconf 87' lang='lat' dir='ltr'>terra</span> <span class='ocrx_word' id='word_1_81' title='bbox 2221 1606 2614 1680; x_wconf 91' lang='lat' dir='ltr'>scindendo</span> <span class='ocrx_word' id='word_1_82' title='bbox 2657 1627 2851 1699; x_wconf 89' lang='lat' dir='ltr'>eam,</span> <span class='ocrx_word' id='word_1_83' title='bbox 2891 1612 2965 1680; x_wconf 93' lang='lat' dir='ltr'>et</span> <span class='ocrx_word' id='word_1_84' title='bbox 3004 1626 3183 1699; x_wconf 90' lang='lat' dir='ltr'>ape—</span> 
     </span>
     <span class='ocr_line' id='line_1_11' title="bbox 838 1726 3180 1823; baseline -0 -22"><span class='ocrx_word' id='word_1_85' title='bbox 838 1730 1090 1803; x_wconf 91' lang='lat' dir='ltr'>riendo</span> <span class='ocrx_word' id='word_1_86' title='bbox 1155 1749 1372 1823; x_wconf 91' lang='lat' dir='ltr'>poros</span> <span class='ocrx_word' id='word_1_87' title='bbox 1436 1729 1743 1803; x_wconf 76' lang='lat' dir='ltr'>clausos,</span> <span class='ocrx_word' id='word_1_88' title='bbox 1808 1727 1971 1801; x_wconf 91' lang='lat' dir='ltr'>Scio</span> <span class='ocrx_word' id='word_1_89' title='bbox 2037 1732 2287 1801; x_wconf 88' lang='lat' dir='ltr'>tamen</span> <span class='ocrx_word' id='word_1_90' title='bbox 2355 1727 2553 1820; x_wconf 90' lang='lat' dir='ltr'>quod</span> <span class='ocrx_word' id='word_1_91' title='bbox 2616 1726 2841 1820; x_wconf 84' lang='lat' dir='ltr'>aliqui</span> <span class='ocrx_word' id='word_1_92' title='bbox 2902 1727 3180 1820; x_wconf 86' lang='lat' dir='ltr'>volunt,</span> 
     </span>
     <span class='ocr_line' id='line_1_12' title="bbox 837 1846 3182 1944; baseline -0.001 -21"><span class='ocrx_word' id='word_1_93' title='bbox 837 1849 1036 1943; x_wconf 90' lang='lat' dir='ltr'>quod</span> <span class='ocrx_word' id='word_1_94' title='bbox 1087 1849 1367 1943; x_wconf 87' lang='lat' dir='ltr'>primus</span> <span class='ocrx_word' id='word_1_95' title='bbox 1416 1849 1690 1944; x_wconf 85' lang='lat' dir='ltr'>gradus</span> <span class='ocrx_word' id='word_1_96' title='bbox 1741 1848 1831 1920; x_wconf 90' lang='lat' dir='ltr'>sit</span> <span class='ocrx_word' id='word_1_97' title='bbox 1882 1847 2263 1940; x_wconf 82' lang='lat' dir='ltr'>confessi0,</span> <span class='ocrx_word' id='word_1_98' title='bbox 2317 1853 2389 1920; x_wconf 94' lang='lat' dir='ltr'>et</span> <span class='ocrx_word' id='word_1_99' title='bbox 2449 1847 2814 1921; x_wconf 91' lang='lat' dir='ltr'>secundus</span> <span class='ocrx_word' id='word_1_100' title='bbox 2867 1846 2957 1920; x_wconf 93' lang='lat' dir='ltr'>sit</span> <span class='ocrx_word' id='word_1_101' title='bbox 3006 1867 3182 1921; x_wconf 90' lang='lat' dir='ltr'>con-</span> 
     </span>
     <span class='ocr_line' id='line_1_13' title="bbox 835 1966 3181 2062; baseline -0 -20"><span class='ocrx_word' id='word_1_102' title='bbox 835 1969 1053 2062; x_wconf 86' lang='lat' dir='ltr'>tritio,</span> <span class='ocrx_word' id='word_1_103' title='bbox 1090 1990 1258 2062; x_wconf 82' lang='lat' dir='ltr'>quae</span> <span class='ocrx_word' id='word_1_104' title='bbox 1309 1968 1476 2042; x_wconf 80' lang='lat' dir='ltr'>facit</span> <span class='ocrx_word' id='word_1_105' title='bbox 1527 1988 1834 2062; x_wconf 80' lang='lat' dir='ltr'>crepare</span> <span class='ocrx_word' id='word_1_106' title='bbox 1886 1988 2015 2041; x_wconf 91' lang='lat' dir='ltr'>cor</span> <span class='ocrx_word' id='word_1_107' title='bbox 2055 1966 2330 2040; x_wconf 90' lang='lat' dir='ltr'>durum</span> <span class='ocrx_word' id='word_1_108' title='bbox 2366 1973 2440 2040; x_wconf 93' lang='lat' dir='ltr'>et</span> <span class='ocrx_word' id='word_1_109' title='bbox 2475 1967 2785 2040; x_wconf 88' lang='lat' dir='ltr'>tinctum</span> <span class='ocrx_word' id='word_1_110' title='bbox 2838 1973 3181 2061; x_wconf 82' lang='lat' dir='ltr'>peccat03</span> 
     </span>
     <span class='ocr_line' id='line_1_14' title="bbox 838 2086 3180 2181; baseline 0 -21"><span class='ocrx_word' id='word_1_111' title='bbox 838 2087 1036 2181; x_wconf 91' lang='lat' dir='ltr'>quod</span> <span class='ocrx_word' id='word_1_112' title='bbox 1086 2108 1232 2160; x_wconf 91' lang='lat' dir='ltr'>non</span> <span class='ocrx_word' id='word_1_113' title='bbox 1283 2087 1526 2180; x_wconf 88' lang='lat' dir='ltr'>cred0,</span> <span class='ocrx_word' id='word_1_114' title='bbox 1565 2087 1739 2180; x_wconf 90' lang='lat' dir='ltr'>quia</span> <span class='ocrx_word' id='word_1_115' title='bbox 1789 2095 1963 2160; x_wconf 91' lang='lat' dir='ltr'>tunc</span> <span class='ocrx_word' id='word_1_116' title='bbox 2000 2108 2144 2160; x_wconf 93' lang='lat' dir='ltr'>non</span> <span class='ocrx_word' id='word_1_117' title='bbox 2181 2094 2609 2160; x_wconf 88' lang='lat' dir='ltr'>servaretur</span> <span class='ocrx_word' id='word_1_118' title='bbox 2649 2086 2937 2160; x_wconf 90' lang='lat' dir='ltr'>debitus</span> <span class='ocrx_word' id='word_1_119' title='bbox 2977 2086 3180 2161; x_wconf 91' lang='lat' dir='ltr'>ordo.</span> 
     </span>
     <span class='ocr_line' id='line_1_15' title="bbox 840 2206 3186 2304; baseline 0.002 -25"><span class='ocrx_word' id='word_1_120' title='bbox 840 2207 928 2279; x_wconf 89' lang='lat' dir='ltr'>Et</span> <span class='ocrx_word' id='word_1_121' title='bbox 978 2206 1317 2281; x_wconf 82' lang='lat' dir='ltr'>describit</span> <span class='ocrx_word' id='word_1_122' title='bbox 1367 2207 1693 2299; x_wconf 82' lang='lat' dir='ltr'>tertium,</span> <span class='ocrx_word' id='word_1_123' title='bbox 1749 2214 1821 2281; x_wconf 91' lang='lat' dir='ltr'>et</span> <span class='ocrx_word' id='word_1_124' title='bbox 1872 2207 2062 2300; x_wconf 91' lang='lat' dir='ltr'>dicit,</span> <span class='ocrx_word' id='word_1_125' title='bbox 2116 2207 2313 2301; x_wconf 90' lang='lat' dir='ltr'>quod</span> <span class='ocrx_word' id='word_1_126' title='bbox 2365 2208 2481 2281; x_wconf 90' lang='lat' dir='ltr'>hic</span> <span class='ocrx_word' id='word_1_127' title='bbox 2531 2207 2807 2304; x_wconf 86' lang='lat' dir='ltr'>gradus</span> <span class='ocrx_word' id='word_1_128' title='bbox 2865 2214 3029 2288; x_wconf 85' lang='lat' dir='ltr'>erat</span> <span class='ocrx_word' id='word_1_129' title='bbox 3076 2208 3186 2283; x_wconf 77' lang='lat' dir='ltr'>fa-</span> 
     </span>
     <span class='ocr_line' id='line_1_16' title="bbox 845 2326 3186 2422; baseline 0 -21"><span class='ocrx_word' id='word_1_130' title='bbox 845 2334 1007 2401; x_wconf 88' lang='lat' dir='ltr'>ctus</span> <span class='ocrx_word' id='word_1_131' title='bbox 1067 2346 1160 2400; x_wconf 86' lang='lat' dir='ltr'>ex</span> <span class='ocrx_word' id='word_1_132' title='bbox 1215 2326 1447 2421; x_wconf 84' lang='lat' dir='ltr'>lapide</span> <span class='ocrx_word' id='word_1_133' title='bbox 1504 2327 1999 2422; x_wconf 86' lang='lat' dir='ltr'>porphyritico</span> <span class='ocrx_word' id='word_1_134' title='bbox 2060 2327 2334 2421; x_wconf 82' lang='lat' dir='ltr'>rube03</span> <span class='ocrx_word' id='word_1_135' title='bbox 2373 2328 2573 2402; x_wconf 91' lang='lat' dir='ltr'>unde</span> <span class='ocrx_word' id='word_1_136' title='bbox 2604 2327 2821 2402; x_wconf 86' lang='lat' dir='ltr'>dicit:</span> <span class='ocrx_word' id='word_1_137' title='bbox 2860 2331 2930 2402; x_wconf 84' lang='lat' dir='ltr'>lo</span> <span class='ocrx_word' id='word_1_138' title='bbox 2963 2335 3186 2420; x_wconf 81' lang='lat' dir='ltr'>terzo,</span> 
     </span>
     <span class='ocr_line' id='line_1_17' title="bbox 843 2446 3185 2545; baseline 0.001 -26"><span class='ocrx_word' id='word_1_139' title='bbox 843 2450 964 2520; x_wconf 77' lang='lat' dir='ltr'>che</span> <span class='ocrx_word' id='word_1_140' title='bbox 1012 2448 1088 2519; x_wconf 81' lang='lat' dir='ltr'>di</span> <span class='ocrx_word' id='word_1_141' title='bbox 1133 2467 1354 2538; x_wconf 80' lang='lat' dir='ltr'>sopra</span> <span class='ocrx_word' id='word_1_142' title='bbox 1402 2449 1457 2519; x_wconf 87' lang='lat' dir='ltr'>s&#39;</span> <span class='ocrx_word' id='word_1_143' title='bbox 1485 2449 1993 2538; x_wconf 75' lang='lat' dir='ltr'>ammassiccia,</span> <span class='ocrx_word' id='word_1_144' title='bbox 2048 2446 2251 2540; x_wconf 89' lang='lat' dir='ltr'>idest,</span> <span class='ocrx_word' id='word_1_145' title='bbox 2297 2447 2424 2541; x_wconf 90' lang='lat' dir='ltr'>qui</span> <span class='ocrx_word' id='word_1_146' title='bbox 2475 2468 2868 2542; x_wconf 89' lang='lat' dir='ltr'>supremus</span> <span class='ocrx_word' id='word_1_147' title='bbox 2917 2469 3185 2545; x_wconf 86' lang='lat' dir='ltr'>aggre-</span> 
     </span>
     <span class='ocr_line' id='line_1_18' title="bbox 845 2566 3183 2665; baseline 0.002 -26"><span class='ocrx_word' id='word_1_148' title='bbox 845 2573 1065 2663; x_wconf 86' lang='lat' dir='ltr'>gatur</span> <span class='ocrx_word' id='word_1_149' title='bbox 1117 2588 1338 2663; x_wconf 89' lang='lat' dir='ltr'>supra</span> <span class='ocrx_word' id='word_1_150' title='bbox 1388 2566 1589 2660; x_wconf 80' lang='lat' dir='ltr'>aliOS,</span> <span class='ocrx_word' id='word_1_151' title='bbox 1635 2569 1921 2659; x_wconf 79' lang='lat' dir='ltr'>porfido</span> <span class='ocrx_word' id='word_1_152' title='bbox 1971 2571 2070 2640; x_wconf 86' lang='lat' dir='ltr'>mi</span> <span class='ocrx_word' id='word_1_153' title='bbox 2101 2589 2361 2660; x_wconf 83' lang='lat' dir='ltr'>parea,</span> <span class='ocrx_word' id='word_1_154' title='bbox 2400 2567 2603 2662; x_wconf 87' lang='lat' dir='ltr'>idest,</span> <span class='ocrx_word' id='word_1_155' title='bbox 2640 2568 2818 2664; x_wconf 89' lang='lat' dir='ltr'>lapis</span> <span class='ocrx_word' id='word_1_156' title='bbox 2868 2569 3183 2665; x_wconf 88' lang='lat' dir='ltr'>rubeus;</span> 
     </span>
     <span class='ocr_line' id='line_1_19' title="bbox 845 2679 3187 2783; baseline 0.002 -23"><span class='ocrx_word' id='word_1_157' title='bbox 845 2687 1042 2761; x_wconf 90' lang='lat' dir='ltr'>unde</span> <span class='ocrx_word' id='word_1_158' title='bbox 1091 2687 1304 2762; x_wconf 88' lang='lat' dir='ltr'>dicit:</span> <span class='ocrx_word' id='word_1_159' title='bbox 1355 2679 1416 2760; x_wconf 72' lang='lat' dir='ltr'>si</span> <span class='ocrx_word' id='word_1_160' title='bbox 1458 2690 2046 2782; x_wconf 71' lang='lat' dir='ltr'>fiammeyqiame,</span> <span class='ocrx_word' id='word_1_161' title='bbox 2097 2709 2142 2762; x_wconf 89' lang='lat' dir='ltr'>a</span> <span class='ocrx_word' id='word_1_162' title='bbox 2201 2688 2437 2783; x_wconf 80' lang='lat' dir='ltr'>simili,</span> <span class='ocrx_word' id='word_1_163' title='bbox 2492 2710 2682 2762; x_wconf 82' lang='lat' dir='ltr'>come</span> <span class='ocrx_word' id='word_1_164' title='bbox 2743 2711 3010 2783; x_wconf 71' lang='lat' dir='ltr'>sanyue</span> <span class='ocrx_word' id='word_1_165' title='bbox 3067 2693 3187 2764; x_wconf 76' lang='lat' dir='ltr'>che</span> 
     </span>
     <span class='ocr_line' id='line_1_20' title="bbox 837 2809 3189 2908; baseline 0.002 -27"><span class='ocrx_word' id='word_1_166' title='bbox 837 2813 1008 2902; x_wconf 75' lang='lat' dir='ltr'>faor</span> <span class='ocrx_word' id='word_1_167' title='bbox 1056 2811 1132 2881; x_wconf 85' lang='lat' dir='ltr'>di</span> <span class='ocrx_word' id='word_1_168' title='bbox 1180 2830 1357 2881; x_wconf 79' lang='lat' dir='ltr'>vena</span> <span class='ocrx_word' id='word_1_169' title='bbox 1404 2812 1681 2901; x_wconf 76' lang='lat' dir='ltr'>spiccia.</span> <span class='ocrx_word' id='word_1_170' title='bbox 1736 2809 1878 2882; x_wconf 89' lang='lat' dir='ltr'>Per</span> <span class='ocrx_word' id='word_1_171' title='bbox 1930 2810 2127 2882; x_wconf 90' lang='lat' dir='ltr'>hunc</span> <span class='ocrx_word' id='word_1_172' title='bbox 2194 2811 2494 2883; x_wconf 90' lang='lat' dir='ltr'>tertium</span> <span class='ocrx_word' id='word_1_173' title='bbox 2546 2810 2862 2906; x_wconf 82' lang='lat' dir='ltr'>gradum</span> <span class='ocrx_word' id='word_1_174' title='bbox 2917 2810 3189 2908; x_wconf 86' lang='lat' dir='ltr'>figurat</span> 
     </span>
     <span class='ocr_line' id='line_1_21' title="bbox 845 2929 3186 3026; baseline 0.001 -24"><span class='ocrx_word' id='word_1_175' title='bbox 845 2929 1428 3023; x_wconf 81' lang='lat' dir='ltr'>satisfactionem,</span> <span class='ocrx_word' id='word_1_176' title='bbox 1471 2950 1640 3023; x_wconf 81' lang='lat' dir='ltr'>quae</span> <span class='ocrx_word' id='word_1_177' title='bbox 1675 2930 1892 3003; x_wconf 91' lang='lat' dir='ltr'>debet</span> <span class='ocrx_word' id='word_1_178' title='bbox 1942 2949 2102 3003; x_wconf 91' lang='lat' dir='ltr'>esse</span> <span class='ocrx_word' id='word_1_179' title='bbox 2152 2929 2244 3003; x_wconf 93' lang='lat' dir='ltr'>de</span> <span class='ocrx_word' id='word_1_180' title='bbox 2296 2931 2544 3005; x_wconf 88' lang='lat' dir='ltr'>colore</span> <span class='ocrx_word' id='word_1_181' title='bbox 2593 2930 2967 3026; x_wconf 86' lang='lat' dir='ltr'>sanguinis</span> <span class='ocrx_word' id='word_1_182' title='bbox 3018 2931 3186 3025; x_wconf 83' lang='lat' dir='ltr'>vivi,</span> 
     </span>
     <span class='ocr_line' id='line_1_22' title="bbox 843 3046 3184 3145; baseline 0.002 -23"><span class='ocrx_word' id='word_1_183' title='bbox 843 3046 1017 3144; x_wconf 87' lang='lat' dir='ltr'>quia</span> <span class='ocrx_word' id='word_1_184' title='bbox 1068 3048 1160 3123; x_wconf 91' lang='lat' dir='ltr'>de</span> <span class='ocrx_word' id='word_1_185' title='bbox 1210 3050 1553 3145; x_wconf 87' lang='lat' dir='ltr'>operibus</span> <span class='ocrx_word' id='word_1_186' title='bbox 1603 3050 1805 3123; x_wconf 79' lang='lat' dir='ltr'>vivis,</span> <span class='ocrx_word' id='word_1_187' title='bbox 1845 3051 1932 3122; x_wconf 91' lang='lat' dir='ltr'>Et</span> <span class='ocrx_word' id='word_1_188' title='bbox 1967 3050 2207 3123; x_wconf 91' lang='lat' dir='ltr'>subdit</span> <span class='ocrx_word' id='word_1_189' title='bbox 2252 3050 2508 3124; x_wconf 88' lang='lat' dir='ltr'>ultimo</span> <span class='ocrx_word' id='word_1_190' title='bbox 2542 3059 2760 3144; x_wconf 88' lang='lat' dir='ltr'>poeta</span> <span class='ocrx_word' id='word_1_191' title='bbox 2796 3052 3184 3127; x_wconf 88' lang='lat' dir='ltr'>stationem</span> 
     </span>
     <span class='ocr_line' id='line_1_23' title="bbox 843 3162 3187 3267; baseline 0.002 -24"><span class='ocrx_word' id='word_1_192' title='bbox 843 3171 1083 3266; x_wconf 83' lang='lat' dir='ltr'>angeli</span> <span class='ocrx_word' id='word_1_193' title='bbox 1135 3170 1261 3264; x_wconf 90' lang='lat' dir='ltr'>qui</span> <span class='ocrx_word' id='word_1_194' title='bbox 1314 3170 1607 3243; x_wconf 91' lang='lat' dir='ltr'>tenebat</span> <span class='ocrx_word' id='word_1_195' title='bbox 1657 3169 1878 3265; x_wconf 91' lang='lat' dir='ltr'>pedes</span> <span class='ocrx_word' id='word_1_196' title='bbox 1929 3190 2151 3264; x_wconf 91' lang='lat' dir='ltr'>super</span> <span class='ocrx_word' id='word_1_197' title='bbox 2181 3162 2253 3260; x_wconf 78' lang='lat'>(¹)</span> <span class='ocrx_word' id='word_1_198' title='bbox 2296 3170 2508 3245; x_wconf 87' lang='lat' dir='ltr'>tertio</span> <span class='ocrx_word' id='word_1_199' title='bbox 2554 3171 2814 3267; x_wconf 85' lang='lat' dir='ltr'>gradu,</span> <span class='ocrx_word' id='word_1_200' title='bbox 2851 3180 2926 3246; x_wconf 94' lang='lat' dir='ltr'>et</span> <span class='ocrx_word' id='word_1_201' title='bbox 2973 3173 3187 3247; x_wconf 88' lang='lat' dir='ltr'>sede-</span> 
     </span>
     <span class='ocr_line' id='line_1_24' title="bbox 849 3289 3189 3386; baseline 0.001 -22"><span class='ocrx_word' id='word_1_202' title='bbox 849 3290 973 3364; x_wconf 89' lang='lat' dir='ltr'>bat</span> <span class='ocrx_word' id='word_1_203' title='bbox 1025 3310 1245 3383; x_wconf 91' lang='lat' dir='ltr'>super</span> <span class='ocrx_word' id='word_1_204' title='bbox 1296 3289 1531 3384; x_wconf 87' lang='lat' dir='ltr'>lapide</span> <span class='ocrx_word' id='word_1_205' title='bbox 1564 3290 2052 3364; x_wconf 90' lang='lat' dir='ltr'>adamantino.</span> <span class='ocrx_word' id='word_1_206' title='bbox 2100 3289 2281 3364; x_wconf 88' lang='lat' dir='ltr'>Dicit</span> <span class='ocrx_word' id='word_1_207' title='bbox 2317 3312 2534 3386; x_wconf 84' lang='lat' dir='ltr'>ergo:</span> <span class='ocrx_word' id='word_1_208' title='bbox 2574 3294 2859 3384; x_wconf 71' lang='lat' dir='ltr'>l&#39;anqel</span> <span class='ocrx_word' id='word_1_209' title='bbox 2904 3297 2980 3367; x_wconf 78' lang='lat' dir='ltr'>di</span> <span class='ocrx_word' id='word_1_210' title='bbox 3021 3296 3189 3384; x_wconf 79' lang='lat' dir='ltr'>Dio,</span> 
     </span>
     <span class='ocr_line' id='line_1_25' title="bbox 842 3408 3184 3506; baseline 0.002 -24"><span class='ocrx_word' id='word_1_211' title='bbox 842 3408 1050 3500; x_wconf 90' lang='lat' dir='ltr'>idest,</span> <span class='ocrx_word' id='word_1_212' title='bbox 1104 3408 1442 3483; x_wconf 89' lang='lat' dir='ltr'>sacerdos</span> <span class='ocrx_word' id='word_1_213' title='bbox 1475 3410 1594 3484; x_wconf 83' lang='lat' dir='ltr'>ille</span> <span class='ocrx_word' id='word_1_214' title='bbox 1628 3410 1991 3505; x_wconf 86' lang='lat' dir='ltr'>gloriosus</span> <span class='ocrx_word' id='word_1_215' title='bbox 2035 3410 2364 3485; x_wconf 87' lang='lat' dir='ltr'>minister</span> <span class='ocrx_word' id='word_1_216' title='bbox 2416 3410 2570 3505; x_wconf 90' lang='lat' dir='ltr'>Dei,</span> <span class='ocrx_word' id='word_1_217' title='bbox 2612 3411 2931 3486; x_wconf 87' lang='lat' dir='ltr'>vicarius</span> <span class='ocrx_word' id='word_1_218' title='bbox 2966 3412 3184 3506; x_wconf 86' lang='lat' dir='ltr'>Petri,</span> 
     </span>
     <span class='ocr_line' id='line_1_26' title="bbox 844 3522 3184 3627; baseline 0.002 -27"><span class='ocrx_word' id='word_1_219' title='bbox 844 3531 1146 3602; x_wconf 82' lang='lat' dir='ltr'>sedendo</span> <span class='ocrx_word' id='word_1_220' title='bbox 1195 3531 1269 3601; x_wconf 83' lang='lat' dir='ltr'>in</span> <span class='ocrx_word' id='word_1_221' title='bbox 1317 3550 1397 3602; x_wconf 83' lang='lat' dir='ltr'>su</span> <span class='ocrx_word' id='word_1_222' title='bbox 1447 3533 1521 3603; x_wconf 89' lang='lat' dir='ltr'>la</span> <span class='ocrx_word' id='word_1_223' title='bbox 1569 3533 1822 3621; x_wconf 73' lang='lat' dir='ltr'>soylia,</span> <span class='ocrx_word' id='word_1_224' title='bbox 1875 3529 2077 3624; x_wconf 87' lang='lat' dir='ltr'>idest,</span> <span class='ocrx_word' id='word_1_225' title='bbox 2132 3529 2449 3604; x_wconf 91' lang='lat' dir='ltr'>sedendo</span> <span class='ocrx_word' id='word_1_226' title='bbox 2481 3522 2551 3623; x_wconf 76' lang='lat'>(²)</span> <span class='ocrx_word' id='word_1_227' title='bbox 2594 3531 2667 3603; x_wconf 92' lang='lat' dir='ltr'>in</span> <span class='ocrx_word' id='word_1_228' title='bbox 2708 3532 2959 3607; x_wconf 91' lang='lat' dir='ltr'>limine</span> <span class='ocrx_word' id='word_1_229' title='bbox 2997 3533 3184 3627; x_wconf 86' lang='lat' dir='ltr'>ostii,</span> 
     </span>
     <span class='ocr_line' id='line_1_27' title="bbox 845 3650 3190 3743; baseline 0.002 -21"><span class='ocrx_word' id='word_1_230' title='bbox 845 3651 966 3722; x_wconf 78' lang='lat' dir='ltr'>che</span> <span class='ocrx_word' id='word_1_231' title='bbox 1015 3652 1112 3723; x_wconf 87' lang='lat' dir='ltr'>mi</span> <span class='ocrx_word' id='word_1_232' title='bbox 1157 3651 1511 3723; x_wconf 83' lang='lat' dir='ltr'>sembiava</span> <span class='ocrx_word' id='word_1_233' title='bbox 1550 3652 1787 3743; x_wconf 83' lang='lat' dir='ltr'>pietra</span> <span class='ocrx_word' id='word_1_234' title='bbox 1830 3652 1907 3722; x_wconf 81' lang='lat' dir='ltr'>di</span> <span class='ocrx_word' id='word_1_235' title='bbox 1948 3652 2325 3741; x_wconf 80' lang='lat' dir='ltr'>diamante,</span> <span class='ocrx_word' id='word_1_236' title='bbox 2369 3650 2541 3743; x_wconf 90' lang='lat' dir='ltr'>quia</span> <span class='ocrx_word' id='word_1_237' title='bbox 2581 3652 2921 3727; x_wconf 86' lang='lat' dir='ltr'>sacerdos</span> <span class='ocrx_word' id='word_1_238' title='bbox 2971 3652 3190 3727; x_wconf 84' lang='lat' dir='ltr'>debet</span> 
     </span>
     <span class='ocr_line' id='line_1_28' title="bbox 846 3768 3186 3868; baseline 0.001 -24"><span class='ocrx_word' id='word_1_239' title='bbox 846 3789 1006 3844; x_wconf 91' lang='lat' dir='ltr'>esse</span> <span class='ocrx_word' id='word_1_240' title='bbox 1056 3768 1391 3843; x_wconf 86' lang='lat' dir='ltr'>firmatus</span> <span class='ocrx_word' id='word_1_241' title='bbox 1442 3789 1662 3864; x_wconf 91' lang='lat' dir='ltr'>super</span> <span class='ocrx_word' id='word_1_242' title='bbox 1713 3770 2140 3863; x_wconf 86' lang='lat' dir='ltr'>constantia,</span> <span class='ocrx_word' id='word_1_243' title='bbox 2178 3776 2250 3843; x_wconf 92' lang='lat' dir='ltr'>et</span> <span class='ocrx_word' id='word_1_244' title='bbox 2286 3770 2500 3844; x_wconf 92' lang='lat' dir='ltr'>debet</span> <span class='ocrx_word' id='word_1_245' title='bbox 2548 3792 2708 3846; x_wconf 87' lang='lat' dir='ltr'>esse</span> <span class='ocrx_word' id='word_1_246' title='bbox 2758 3772 3186 3868; x_wconf 86' lang='lat' dir='ltr'>inflexibilis,</span> 
     </span>
     <span class='ocr_line' id='line_1_29' title="bbox 844 3872 3188 3985; baseline 0.002 -23"><span class='ocrx_word' id='word_1_247' title='bbox 844 3888 1032 3963; x_wconf 93' lang='lat' dir='ltr'>sicut</span> <span class='ocrx_word' id='word_1_248' title='bbox 1081 3888 1383 3964; x_wconf 89' lang='lat' dir='ltr'>adamas</span> <span class='ocrx_word' id='word_1_249' title='bbox 1432 3882 1542 3965; x_wconf 89' lang='lat' dir='ltr'>est</span> <span class='ocrx_word' id='word_1_250' title='bbox 1568 3879 1643 3981; x_wconf 80' lang='lat'>(³)</span> <span class='ocrx_word' id='word_1_251' title='bbox 1694 3888 2191 3983; x_wconf 89' lang='lat' dir='ltr'>indomabilis;</span> <span class='ocrx_word' id='word_1_252' title='bbox 2257 3889 2429 3984; x_wconf 90' lang='lat' dir='ltr'>quia</span> <span class='ocrx_word' id='word_1_253' title='bbox 2492 3892 2690 3966; x_wconf 89' lang='lat' dir='ltr'>nulla</span> <span class='ocrx_word' id='word_1_254' title='bbox 2748 3872 2931 3985; x_wconf 84' lang='lat' dir='ltr'>arte,</span> <span class='ocrx_word' id='word_1_255' title='bbox 2985 3893 3188 3967; x_wconf 89' lang='lat' dir='ltr'>nullo</span> 
     </span>
     <span class='ocr_line' id='line_1_30' title="bbox 842 4001 3188 4105; baseline 0.004 -24"><span class='ocrx_word' id='word_1_256' title='bbox 842 4008 1155 4105; x_wconf 83' lang='lat' dir='ltr'>ingenio,</span> <span class='ocrx_word' id='word_1_257' title='bbox 1212 4009 1412 4083; x_wconf 89' lang='lat' dir='ltr'>nullo</span> <span class='ocrx_word' id='word_1_258' title='bbox 1462 4030 1720 4085; x_wconf 90' lang='lat' dir='ltr'>amore</span> <span class='ocrx_word' id='word_1_259' title='bbox 1771 4012 1890 4085; x_wconf 87' lang='lat' dir='ltr'>vel</span> <span class='ocrx_word' id='word_1_260' title='bbox 1943 4011 2207 4085; x_wconf 85' lang='lat' dir='ltr'>timore</span> <span class='ocrx_word' id='word_1_261' title='bbox 2258 4010 2475 4086; x_wconf 91' lang='lat' dir='ltr'>debet</span> <span class='ocrx_word' id='word_1_262' title='bbox 2506 4001 2579 4103; x_wconf 73' lang='lat'>(⁴)</span> <span class='ocrx_word' id='word_1_263' title='bbox 2619 4014 2902 4088; x_wconf 87' lang='lat' dir='ltr'>moveri</span> <span class='ocrx_word' id='word_1_264' title='bbox 2935 4014 3030 4088; x_wconf 90' lang='lat' dir='ltr'>ad</span> <span class='ocrx_word' id='word_1_265' title='bbox 3066 4035 3188 4091; x_wconf 90' lang='lat' dir='ltr'>re·</span> 
     </span>
     <span class='ocr_line' id='line_1_31' title="bbox 843 4128 3189 4225; baseline 0.002 -23"><span class='ocrx_word' id='word_1_266' title='bbox 843 4128 1227 4204; x_wconf 86' lang='lat' dir='ltr'>velandam</span> <span class='ocrx_word' id='word_1_267' title='bbox 1281 4129 1807 4224; x_wconf 87' lang='lat' dir='ltr'>poenitentiam,</span> <span class='ocrx_word' id='word_1_268' title='bbox 1862 4130 2083 4205; x_wconf 90' lang='lat' dir='ltr'>etiam</span> <span class='ocrx_word' id='word_1_269' title='bbox 2134 4130 2190 4203; x_wconf 89' lang='lat' dir='ltr'>si</span> <span class='ocrx_word' id='word_1_270' title='bbox 2246 4131 2571 4225; x_wconf 89' lang='lat' dir='ltr'>proditor</span> <span class='ocrx_word' id='word_1_271' title='bbox 2620 4134 3189 4209; x_wconf 85' lang='lat' dir='ltr'>manifestaverit</span> 
     </span>
     <span class='ocr_line' id='line_1_32' title="bbox 842 4248 3187 4348; baseline 0.002 -26"><span class='ocrx_word' id='word_1_272' title='bbox 842 4248 974 4322; x_wconf 91' lang='lat' dir='ltr'>sibi</span> <span class='ocrx_word' id='word_1_273' title='bbox 1026 4248 1506 4343; x_wconf 91' lang='lat' dir='ltr'>proditionem</span> <span class='ocrx_word' id='word_1_274' title='bbox 1559 4249 1860 4343; x_wconf 83' lang='lat' dir='ltr'>patriae3</span> <span class='ocrx_word' id='word_1_275' title='bbox 1914 4257 2110 4323; x_wconf 78' lang='lat' dir='ltr'>tenea</span> <span class='ocrx_word' id='word_1_276' title='bbox 2174 4252 2381 4323; x_wconf 85' lang='lat' dir='ltr'>ambo</span> <span class='ocrx_word' id='word_1_277' title='bbox 2446 4255 2507 4325; x_wconf 83' lang='lat' dir='ltr'>le</span> <span class='ocrx_word' id='word_1_278' title='bbox 2566 4256 2830 4346; x_wconf 81' lang='lat' dir='ltr'>pionte,</span> <span class='ocrx_word' id='word_1_279' title='bbox 2895 4253 3187 4348; x_wconf 86' lang='lat' dir='ltr'>scilicet,</span> 
     </span>
     <span class='ocr_line' id='line_1_33' title="bbox 843 4368 3184 4469; baseline 0.003 -30"><span class='ocrx_word' id='word_1_280' title='bbox 843 4368 1137 4462; x_wconf 83' lang='lat' dir='ltr'>pedum,</span> <span class='ocrx_word' id='word_1_281' title='bbox 1197 4388 1417 4460; x_wconf 82' lang='lat' dir='ltr'>sopra</span> <span class='ocrx_word' id='word_1_282' title='bbox 1477 4375 1738 4459; x_wconf 78' lang='lat' dir='ltr'>questo,</span> <span class='ocrx_word' id='word_1_283' title='bbox 1803 4368 2077 4444; x_wconf 88' lang='lat' dir='ltr'>scilicet</span> <span class='ocrx_word' id='word_1_284' title='bbox 2154 4370 2453 4445; x_wconf 92' lang='lat' dir='ltr'>tertium</span> <span class='ocrx_word' id='word_1_285' title='bbox 2532 4373 2869 4469; x_wconf 86' lang='lat' dir='ltr'>gradum.</span> <span class='ocrx_word' id='word_1_286' title='bbox 2898 4413 2998 4427; x_wconf 90' lang='lat'>—</span> <span class='ocrx_word' id='word_1_287' title='bbox 3026 4378 3184 4446; x_wconf 84' lang='lat' dir='ltr'>Per.</span> 
     </span>
    </p>
   </div>
   <div class='ocr_carea' id='block_1_3' title="bbox 970 4553 3060 4698">
    <p class='ocr_par' dir='ltr' id='par_1_3' title="bbox 970 4553 3060 4698">
     <span class='ocr_line' id='line_1_34' title="bbox 970 4553 2669 4618; baseline 0.004 -15"><span class='ocrx_word' id='word_1_288' title='bbox 970 4553 1024 4613; x_wconf 86' lang='lat'>(¹)</span> <span class='ocrx_word' id='word_1_289' title='bbox 1057 4554 1117 4603; x_wconf 81' lang='lat' dir='ltr'>E.</span> <span class='ocrx_word' id='word_1_290' title='bbox 1150 4567 1304 4616; x_wconf 78' lang='lat' dir='ltr'>super</span> <span class='ocrx_word' id='word_1_291' title='bbox 1339 4556 1549 4604; x_wconf 82' lang='lat' dir='ltr'>tertium</span> <span class='ocrx_word' id='word_1_292' title='bbox 1584 4555 1821 4618; x_wconf 76' lang='lat' dir='ltr'>gradum.</span> <span class='ocrx_word' id='word_1_293' title='bbox 2201 4556 2257 4617; x_wconf 70' lang='lat'>(³)</span> <span class='ocrx_word' id='word_1_294' title='bbox 2292 4560 2351 4608; x_wconf 86' lang='grc' dir='ltr'>Ε.</span> <span class='ocrx_word' id='word_1_295' title='bbox 2386 4559 2568 4610; x_wconf 81' lang='lat' dir='ltr'>sedens</span> <span class='ocrx_word' id='word_1_296' title='bbox 2600 4560 2669 4610; x_wconf 86' lang='lat' dir='ltr'>in.</span> 
     </span>
     <span class='ocr_line' id='line_1_35' title="bbox 971 4630 3060 4698; baseline 0.003 -18"><span class='ocrx_word' id='word_1_297' title='bbox 971 4630 1026 4693; x_wconf 83' lang='lat'>(⁸)</span> <span class='ocrx_word' id='word_1_298' title='bbox 1058 4630 1119 4681; x_wconf 86' lang='lat' dir='ltr'>E.</span> <span class='ocrx_word' id='word_1_299' title='bbox 1151 4635 1229 4682; x_wconf 80' lang='lat' dir='ltr'>est</span> <span class='ocrx_word' id='word_1_300' title='bbox 1262 4631 1388 4694; x_wconf 77' lang='lat' dir='ltr'>lapis</span> <span class='ocrx_word' id='word_1_301' title='bbox 1420 4631 1762 4683; x_wconf 77' lang='lat' dir='ltr'>indomabilis.</span> <span class='ocrx_word' id='word_1_302' title='bbox 2202 4635 2256 4698; x_wconf 77' lang='lat'>(⁸)</span> <span class='ocrx_word' id='word_1_303' title='bbox 2290 4636 2352 4687; x_wconf 89' lang='lat' dir='ltr'>E.</span> <span class='ocrx_word' id='word_1_304' title='bbox 2387 4637 2539 4688; x_wconf 77' lang='lat' dir='ltr'>debet</span> <span class='ocrx_word' id='word_1_305' title='bbox 2568 4637 2809 4688; x_wconf 77' lang='lat' dir='ltr'>sacerdos</span> <span class='ocrx_word' id='word_1_306' title='bbox 2841 4638 3060 4687; x_wconf 82' lang='lat' dir='ltr'>moveri.</span> 
     </span>
    </p>
   </div>
  </div>
 </body>
</html>
