3704 5559
1295 520 1569 573 CANTUS
1618 519 2021 573 wel-:smus
2683 507 2821 570 527

483 667 660 741 dum
717 672 880 741 erat
932 665 1113 738 ordo
1150 665 1561 757 minorum;
1605 663 1732 738 sed
1785 669 1945 737 erat
1999 662 2400 735 monachus
2434 680 2606 734 cum
2644 681 2825 754 pan-

485 788 593 860 nis
647 787 907 860 vilibus
975 785 1233 882 grisis:
1289 792 1361 860 et
1423 806 1514 859 eo
1579 794 1937 879 tempore,
1990 783 2159 856 dicit
2208 784 2445 878 Hugo,
2507 785 2829 855 crova’mi

483 916 718 980 stretto
768 911 943 981 nelle
992 910 1188 980 mani
1235 911 1290 980 il
1329 911 1538 1000 freno
1580 909 1695 979 del
1730 925 2044 996 yoverno
2085 907 2200 976 del
2245 925 2494 994 reque,
2530 905 2823 997 scilicet,

483 1027 833 1121 Franciae,
885 1050 922 1100 e
971 1034 1164 1100 tanta
1211 1047 1427 1118 possa
1478 1030 1552 1100 di
1596 1047 1828 1099 nuovo
1880 1027 2216 1116 acquisto,
2268 1024 2441 1116 quia
2493 1035 2652 1101 erat
2701 1045 2832 1120 pe-
2922 1020 2925 1024 ’

383 1229 390 1234 ‚
487 1148 833 1220 cuniosus
892 1152 965 1220 et
1015 1146 1216 1220 dives
1267 1146 1502 1240 nimis,
1562 1167 1599 1217 e
1652 1137 1712 1218 si
1770 1147 1839 1217 d'
1868 1146 2075 1216 amici
2113 1148 2365 1235 pien05
2419 1143 2553 1216 iste
2616 1145 2829 1239 Hugo

490 1266 810 1360 Ciapetta
861 1273 1060 1340 recte
1111 1265 1280 1340 fecit
1328 1266 1515 1338 sicut
1565 1263 2003 1357 Tarquinius
2062 1262 2375 1355 PriscuS,
2430 1264 2557 1356 qui
2617 1269 2830 1337 natus

488 1394 696 1481 patre
755 1393 1169 1460 mercatore
1204 1385 1295 1460 de
1330 1386 1676 1460 Cornitho
1708 1378 1808 1478 (¹),
1863 1404 1997 1456 sua
2046 1382 2499 1476 providentia
2535 1390 2608 1457 et
2643 1405 2831 1477 opu-

490 1507 709 1580 lentia
762 1505 1093 1600 pervenit
1127 1506 1221 1582 ad
1258 1526 1571 1600 regnum
1618 1524 2033 1579 romanum.
2071 1503 2255 1576 Dicit
2299 1523 2517 1600 ergo:
2563 1507 2662 1576 ch’
2683 1507 2833 1577 alla

489 1649 759 1700 corona
817 1630 1111 1717 vedova,
1181 1626 1384 1718 idest,
1457 1626 1763 1717 vacanti,
1817 1628 1890 1697 la
1952 1631 2121 1696 tesca
2178 1627 2253 1697 di
2316 1627 2455 1696 mio
2507 1627 2706 1716 fiylio
2751 1629 2832 1718 fu

477 1768 885 1840 promosset,
914 1748 1203 1840 scilicet,
1233 1746 1635 1819 Robertus:
1688 1747 1902 1839 Hugo
1938 1745 2157 1838 enim,
2199 1751 2277 1817 ut
2314 1744 2611 1836 quidam
2655 1745 2833 1818 scri-

486 1873 813 1963 pserunt,
870 1867 1103 1940 noluit
1153 1866 1518 1959 coronari,
1571 1869 1654 1937 ut
1705 1864 2067 1938 successio
2103 1885 2238 1938 sua
2276 1865 2434 1958 plus
2486 1864 2834 1939 extende·
2908 1943 2916 1948 ,

488 1994 719 2061 retur.
776 1986 1174 2060 Audiverat
1225 1986 1446 2079 enim,
1490 1984 1688 2078 quod
1733 1984 1846 2057 sui
1899 1983 2274 2080 regnaturi
2329 1990 2541 2058 erant
2592 1984 2664 2055 in
2717 2004 2835 2057 se·-

487 2106 792 2200 ptimam
846 2106 1421 2200 generationem.
1477 2106 1564 2177 Et
1615 2105 1823 2178 dicit:
1879 2106 2004 2176 dal
2067 2106 2293 2194 quale,
2346 2103 2583 2196 primo
2638 2123 2834 2198 rege,

487 2226 875 2297 cominciar
924 2227 1001 2297 di
1048 2231 1280 2297 costor
1330 2228 1392 2297 le
1444 2231 1722 2296 sacrate
1771 2245 1963 2315 ossa,
2017 2223 2704 2318 quiafflinunguntur
2764 2228 2836 2296 et

490 2352 1018 2419 consecrantur
1084 2365 1341 2441 reges;
1414 2348 1488 2418 di
1548 2351 1806 2434 costor,
1869 2343 2164 2436 scilicet,
2214 2342 2711 2436 Philipporum
2764 2348 2836 2416 et

490 2462 1484 2538 Ludovicorum.—Menlre.
1540 2465 1669 2537 Hic
1718 2465 1931 2559 Hugo
1983 2461 2227 2555 incipit
2279 2482 2588 2535 narrare
2640 2462 2835 2534 mala

490 2604 797 2655 suorum
853 2585 1040 2658 facta
1105 2606 1237 2679 per
1287 2584 1697 2659 avaritiam.
1765 2585 1852 2656 Et
1901 2583 2140 2677 primo
2209 2581 2439 2676 tangit
2488 2601 2832 2676 magnam

490 2702 1050 2795 occupationem
1086 2696 1158 2795 (2)
1213 2725 1440 2798 quam
1493 2705 1826 2778 fecerunt
1885 2723 2131 2777 avare.
2186 2700 2290 2774 Ad
2345 2701 2541 2795 quod
2601 2701 2837 2775 scien-

493 2821 672 2893 dum
724 2821 920 2913 quod
970 2823 1402 2918 LudovicuS,
1441 2825 1566 2918 qui
1602 2831 1852 2919 postea
1890 2824 2021 2898 suit
2056 2830 2374 2916 sanctuS,
2418 2829 2491 2897 et
2533 2824 2838 2897 Carolus

494 2941 721 3015 frater
757 2942 939 3035 eiuS,
978 2943 1106 3036 qui
1138 2944 1275 3016 fuit
1311 2951 1559 3038 postea
1598 2967 1726 3019 rex
1767 2945 2048 3038 Siciliae,
2085 2945 2504 3017 habuerunt
2539 2943 2611 3016 in
2648 2965 2839 3017 uxo-

493 3081 611 3134 res
663 3062 846 3135 duas
900 3061 1080 3136 filias
1130 3062 1542 3159 Raymundi
1595 3064 2018 3160 Berengerii
2079 3065 2171 3137 de
2230 3064 2519 3137 Tolosa:
2578 3070 2652 3137 et
2700 3064 2839 3137 sub

492 3180 792 3253 nomine
827 3188 901 3254 et
936 3182 1185 3256 colore
1221 3183 1499 3256 dotium
1540 3188 2089 3278 usurpaverunt
2124 3190 2351 3258 totam
2388 3183 2838 3277 provinciam

499 3301 1078 3375 narbonensem:
1132 3302 1251 3375 ille
1304 3304 1496 3378 ultra
1547 3304 2009 3398 Rhodanum,
2052 3304 2189 3378 iste
2240 3305 2445 3398 citra,
2497 3305 2686 3378 sicut
2734 3304 2841 3377 di-

495 3427 706 3494 cetur
756 3422 1039 3515 plenius
1089 3422 1409 3497 Paradisi
1464 3425 1781 3519 capitulo
1818 3425 1930 3497 vl.
1985 3426 2193 3499 Modo
2248 3445 2483 3518 usque
2517 3425 2608 3499 ad
2652 3423 2841 3498 istud

491 3544 784 3634 tempus
834 3540 1354 3616 descendentes
1388 3544 1715 3639 Hugonis
1750 3551 1962 3618 erant
1996 3545 2408 3638 aliqualiter
2450 3545 2679 3636 avari,
2715 3544 2840 3617 sed

495 3681 641 3734 non
692 3660 791 3734 ita
845 3660 1041 3754 quod
1096 3670 1539 3757 usurparent
1586 3664 1911 3738 alienum
1963 3665 2248 3739 iniuste.
2303 3665 2481 3737 Dicit
2533 3685 2714 3759 ergo
2767 3664 2840 3736 in

494 3778 744 3851 litera:
802 3784 987 3851 Poco
1040 3784 1268 3871 valea,
1323 3781 1524 3875 idest,
1577 3804 1842 3877 parum
1913 3791 2125 3857 erant
2189 3784 2512 3857 valentes
2564 3791 2638 3857 et
2691 3783 2836 3855 vir-

495 3897 712 3987 tuosi,
767 3919 884 3969 ma
943 3919 1087 3989 pur
1148 3921 1292 3971 non
1350 3906 1558 3994 facea
1621 3908 1827 3995 male,
1882 3904 2173 3998 scilicet,
2225 3924 2358 3998 per
2426 3904 2837 3996 avaritiam,

495 4016 939 4111 violentiam,
994 4023 1067 4091 et
1133 4019 1725 4116 fraudulentiam,
1793 4029 2056 4095 mentre
2118 4024 2236 4094 che
2299 4026 2371 4096 la
2430 4043 2622 4112 „tyran
2684 4025 2840 4094 dole

489 4140 944 4228 provenzale,
997 4144 1072 4210 et
1128 4158 1302 4212 vere
1354 4160 1669 4235 magna3
1726 4163 1897 4215 nam
1951 4142 2224 4215 Plinius
2293 4162 2587 4215 summe
2637 4160 2843 4214 com-

504 4255 799 4330 mendat
833 4256 1045 4331 istam
1083 4259 1574 4354 provinciam3
1613 4263 1691 4332 al
1722 4283 1993 4352 sanyue
2030 4265 2168 4335 mio
2200 4284 2340 4335 non
2378 4267 2545 4336 colse
2579 4266 2651 4336 la
2687 4284 2847 4336 ver-

496 4397 762 4467 yoyna,
826 4397 973 4449 non
1026 4378 1403 4475 intelligas,
1459 4386 1541 4452 ut
1591 4381 1891 4474 quidam
1945 4383 2124 4456 salso
2194 4390 2590 4479 exponunt,
2646 4382 2843 4477 quod

619 4565 674 4625 (¹)
707 4566 769 4615 Ε.
805 4566 870 4615 de
901 4564 1165 4626 Corintho,
1201 4581 1292 4616 sua
1326 4569 1594 4630 prudentia
1627 4574 1681 4618 et
1713 4571 1994 4632 opulentia.

620 4641 674 4703 (²)
707 4641 769 4691 Β.
803 4643 1196 4704 occupationem
1227 4644 1418 4695 factam
1452 4646 1515 4695 ab
1545 4646 1620 4695 eis
1651 4659 1819 4698 avare.
