3704 5559
1328 535 1603 588 CANTUS
1656 534 2045 588 sEctJNsz.
2766 524 2851 588 51

507 679 1075 776 interrumpitur
1124 701 1168 754 a
1221 678 1498 753 Catone
1549 679 1778 775 rigide
1831 680 2254 773 increpante
2294 698 2422 752 eos
2453 670 2551 772 (⁴),
2595 678 2730 751 ibi:
2776 683 2864 751 Ει

505 802 609 871 io.-
642 822 716 873 se
748 822 985 873 nuova
1017 803 1232 890 lewe.
1271 799 1376 871 Ad
1410 799 1724 893 primam
1763 806 2044 893 partem
2092 799 2389 873 veniens
2431 798 2613 893 dico,
2658 799 2856 893 quod

507 924 720 1012 poeta
771 919 1112 993 describit
1164 924 1453 1013 tempus
1507 925 1579 992 et
1630 920 1909 1012 locum3
1957 925 2030 993 et
2065 920 2239 1012 quia
2291 919 2365 991 in
2415 919 2853 1013 praecedenti

506 1039 825 1134 capitulo
875 1039 1356 1133 descripserat
1407 1040 1688 1113 stellam
1744 1039 2051 1113 Dianam
2103 1060 2270 1133 quae
2321 1041 2860 1134 praenuntiabat

508 1156 701 1234 diem
739 1158 1016 1253 venire,
1067 1159 1229 1233 ideo
1282 1180 1478 1232 nunc
1526 1160 1868 1233 describit
1904 1159 2132 1252 ipsam
2170 1159 2408 1253 diem3
2444 1165 2518 1232 et
2553 1161 2709 1233 vult
2748 1160 2860 1234 di—

509 1297 679 1353 cere
730 1280 803 1351 in
854 1300 1149 1354 summa
1201 1279 1397 1374 quod
1450 1279 1523 1351 in
1584 1279 1706 1352 illo
1769 1278 2207 1371 hemisperio
2268 1276 2650 1352 oriebatur
2705 1279 2860 1353 dies

510 1396 584 1471 in
626 1398 943 1472 arietem
973 1390 1087 1492 (²);
1142 1399 1215 1472 in
1268 1405 1515 1472 nostro
1569 1418 1746 1472 vero
1789 1398 2152 1493 superiori
2187 1398 2566 1472 oriebatur
2602 1420 2746 1491 no}
2784 1398 2860 1471 in

510 1517 745 1592 Libra.
784 1519 989 1593 Unde
1022 1519 1113 1593 ad
1147 1518 1687 1615 intelligendam
1741 1519 2026 1593 literam
2059 1509 2131 1609 (³)
2172 1519 2393 1611 clare,
2431 1539 2599 1612 quae
2650 1520 2856 1594 vide—

510 1643 634 1711 tur
684 1639 1022 1733 obscura,
1058 1640 1281 1714 debes
1323 1647 1660 1733 repetere
1711 1660 1948 1712 unum
1994 1639 2189 1732 quod
2240 1640 2485 1712 notavi
2537 1640 2609 1711 in
2660 1640 2860 1732 capi-

508 1757 666 1831 tulo
715 1760 1175 1853 praecedenti,
1229 1760 1520 1853 scilicet,
1556 1759 1753 1853 quod
1807 1766 2044 1833 totum
2086 1759 2356 1832 coelum
2396 1765 2504 1832 est
2542 1758 2858 1832 divisum

506 1876 580 1950 in
630 1877 814 1952 duas
864 1885 1110 1973 partes
1161 1882 1507 1972 aequaleS,
1563 1901 1883 1973 quarum
1935 1901 2079 1952 una
2129 1885 2439 1952 vocatur
2492 1879 2858 1973 hemispe—

507 1996 705 2071 rium
775 1999 1141 2094 superius,
1215 1999 1450 2073 altera
1528 1999 1879 2073 medietas
1940 2006 2250 2073 vocatur
2332 1999 2858 2094 hemisperium

509 2116 833 2212 inferius,
887 2125 961 2192 et
1010 2140 1194 2194 zona
1257 2119 1582 2193 dividens
1645 2141 1872 2192 unam
1939 2120 2403 2193 medietatem
2465 2119 2559 2192 ab
2627 2119 2858 2193 altera

516 2244 824 2312 vocatur
873 2238 1195 2312 horizon.
1252 2239 1459 2314 Modo
1509 2240 1678 2313 dicit
1728 2247 1966 2334 poeta,
2004 2239 2199 2333 quod
2236 2240 2341 2313 sol
2384 2241 2539 2334 jam
2596 2259 2862 2334 perve—

508 2364 729 2431 nerat
779 2357 873 2431 ad
924 2357 1378 2432 horizontem
1433 2359 1504 2430 in
1542 2366 1789 2433 nostro
1824 2359 2217 2453 occidente,
2257 2360 2383 2453 qui
2426 2366 2586 2434 erat
2620 2360 2865 2434 oriens

518 2479 675 2575 sibi,
745 2478 875 2572 qui
937 2485 1098 2553 erat
1160 2479 1233 2551 in
1297 2479 1731 2574 hemisperio
1794 2480 2145 2572 inferiori3
2207 2480 2369 2553 ideo
2431 2480 2725 2574 quando
2786 2479 2865 2552 fit

518 2598 727 2673 nohis
791 2617 961 2692 nox,
1012 2598 1148 2671 illis
1211 2598 1288 2670 fit
1339 2598 1513 2692 dieS,
1568 2605 1641 2672 et
1700 2619 1743 2672 e
1793 2618 2170 2671 converso.
2225 2599 2312 2670 Et
2371 2598 2690 2672 declarat
2740 2598 2865 2692 sic,

520 2719 692 2815 quia
745 2719 803 2795 si
859 2720 967 2795 sol
1018 2724 1177 2794 erat
1229 2718 1300 2792 in
1352 2718 1751 2811 horizonte,
1806 2717 2159 2812 sequitur,
2207 2718 2403 2811 quod
2453 2718 2575 2792 ille
2624 2718 2869 2792 circu-

521 2841 636 2915 lus
685 2861 913 2934 quem
966 2839 1138 2914 facit
1186 2841 1292 2913 sol
1344 2840 1418 2912 in
1472 2838 1773 2912 meridie
1818 2838 1997 2933 tegit
2031 2839 2512 2932 Hierusalem,
2555 2859 2721 2932 quae
2758 2846 2868 2912 aet

518 2960 593 3035 in
643 2961 888 3036 medio
939 2960 1173 3054 orbis;
1224 2980 1371 3034 nox
1424 2979 1625 3054 ergo,
1679 2976 1847 3052 quae
1893 2965 2002 3031 est
2036 2957 2310 3032 directe
2350 2958 2676 3053 opposita
2710 2959 2866 3053 soli,

516 3081 855 3157 veniebat
912 3102 1136 3176 super
1200 3101 1330 3153 nos
1388 3100 1432 3152 a
1499 3085 1751 3152 nostro
1819 3078 2125 3173 oriente,
2180 3085 2253 3152 et
2311 3079 2465 3153 dies
2531 3078 2869 3153 veniebat

517 3221 739 3298 super
802 3202 963 3276 illos
1023 3202 1118 3275 ab
1182 3220 1446 3274 eorum
1515 3199 1818 3272 oriente.
1899 3199 2108 3271 Nunc
2175 3198 2267 3272 ad
2342 3198 2629 3274 literam
2682 3197 2868 3292 dien,

518 3320 719 3416 quod
768 3328 985 3417 poeta
1033 3320 1376 3395 describit
1426 3326 1676 3393 ortum
1731 3319 1900 3392 solis
1927 3375 1930 3378 .
1960 3317 2280 3413 fugantis
2331 3317 2708 3412 auroram,
2757 3318 2870 3392 di-

520 3459 739 3516 cens:
790 3445 847 3515 it
888 3445 1057 3533 sole,
1109 3441 1379 3515 scilicet
1430 3440 1673 3513 oriens
1726 3439 1846 3532 ibi,
1898 3429 2021 3529 yid
2069 3460 2199 3511 era
2245 3443 2484 3530 qiunto
2526 3443 2645 3512 all’
2672 3442 2870 3513 oriz-

512 3568 750 3652 zoute,
800 3561 971 3656 quia
1025 3560 1416 3635 recedebat
1472 3580 1517 3633 a
1581 3563 1973 3652 conspectu
2026 3564 2279 3631 nostro
2343 3565 2419 3633 et
2476 3558 2870 3634 accedebat

522 3678 617 3756 ad
664 3699 826 3773 coz-33
881 3679 1077 3754 unde
1125 3679 1338 3753 dicit:
1394 3682 1463 3751 lo
1512 3682 1647 3768 cui,
1699 3678 1969 3751 scilicet
2012 3678 2224 3751 cuius
2275 3678 2690 3771 horizontiS,
2726 3700 2872 3751 me-

522 3801 763 3873 nidim
809 3801 1105 3891 cerame,
1147 3799 1221 3873 in
1266 3805 1514 3873 nostro
1550 3798 2013 3892 hemisperio,
2049 3800 2415 3889 coperchia
2454 3801 2871 3889 Jerusalem,

522 3919 918 3994 accusativi
967 3938 1183 3994 casus
1233 3918 1405 4013 quia
1448 3917 1901 3991 Hierusalem
1955 3923 2065 3990 est
2098 3916 2425 3990 subiecta
2468 3916 2871 3991 meridiano

522 4036 715 4134 solis,
768 4026 994 4132 qui(⁸)
1040 4045 1161 4114 est
1211 4038 1284 4110 in
1338 4037 1580 4112 medio
1630 4035 1911 4129 mundi,
1963 4038 2075 4108 col
2120 4057 2247 4108 suo
2286 4030 2414 4127 piei
2448 4038 2590 4108 alto
2623 4042 2872 4127 panta,

524 4155 651 4254 qni
700 4158 1112 4253 appellatur
1161 4157 1428 4252 zenith,
1482 4157 1872 4252 respiciens
1922 4156 2197 4230 directe
2246 4162 2466 4251 caput
2510 4163 2876 4249 nostrum,

508 4297 563 4350 se
612 4277 703 4351 Ia
767 4281 952 4349 noue
1013 4278 1135 4350 ctae
1201 4280 1518 4370 opposita
1567 4299 1616 4349 a
1682 4280 1803 4367 lui,
1856 4275 2126 4351 scilicet
2186 4275 2284 4364 illi
2354 4276 2509 4370 soli,
2573 4278 2873 4368 cerchia,

510 4393 730 4492 mest,
766 4395 1048 4492 circuit,
1085 4396 1257 4491 quia
1304 4418 1444 4474 nox
1494 4419 1640 4471 non
1675 4403 1785 4471 est
1817 4398 2016 4472 aliud
2059 4418 2286 4491 quam
2326 4398 2592 4472 umbra
2631 4404 2872 4492 terrae,

648 4581 706 4646 (¹)
740 4586 851 4643 11⁷,
885 4595 1085 4644 omnm,
1116 4583 1204 4635 ibt.
1704 4582 1760 4645 (⁸)
1795 4584 1857 4634 E.
1891 4584 1943 4634 in
1977 4586 2154 4634 ariete.

654 4655 711 4723 ω
742 4657 805 4710 Β.
832 4657 1045 4710 literam
1077 4674 1212 4725 qua.
1703 4661 1758 4723 (⁸)
1789 4661 1851 4710 E.
1886 4675 1917 4711 e
1950 4661 2001 4712 S.
2035 4676 2151 4725 quae
2182 4667 2278 4713 est.
