3704 5559
1341 532 1616 587 CAN'rth
1666 533 2033 587 sEP'rmus.
2731 519 2871 585 203

528 714 629 725 —
654 676 925 746 Allora.
982 674 1109 748 Hic
1170 681 1382 769 poeta
1442 675 1644 771 ponit
1701 673 2302 748 deliberationem
2373 674 2645 770 Virgilii
2715 681 2876 770 post

529 794 912 870 consilium
983 794 1310 889 Sordelli,
1362 794 1654 870 dicens:
1716 798 1970 869 Allora
2031 798 2085 868 il
2147 799 2286 868 mio
2348 799 2623 888 siqnor,
2675 798 2878 886 quasi

527 906 1004 1004 ammirandO,
1040 915 1132 989 de
1169 924 1432 990 natura
1467 915 1674 988 istius
1709 915 1869 1008 loci,
1900 914 2025 1008 qui
2061 936 2207 989 non
2245 921 2480 1011 potest
2518 914 2702 989 adiri
2740 914 2872 988 nisi

526 1034 620 1108 de
669 1033 807 1128 die,
859 1035 1154 1108 lucente
1195 1035 1369 1129 sole,
1406 1038 1587 1108 disse
1612 1061 1635 1107 .·
1687 1055 1979 1107 menone
2030 1037 2332 1127 dunque,
2379 1055 2471 1109 ex
2524 1054 2673 1128 quo
2725 1054 2873 1107 non

527 1161 766 1249 potest
811 1154 901 1228 iri
952 1155 1043 1229 de
1095 1162 1311 1229 nocte
1361 1176 1455 1230 ne
1505 1155 1903 1250 perdamus
1966 1162 2282 1250 tempuS,
2334 1146 2406 1228 ld
2456 1157 2633 1228 dove
2706 1157 2869 1246 dici,

526 1275 798 1349 scilicet
874 1275 966 1349 ad
1042 1276 1288 1350 locum
1360 1276 1692 1351 virorum
1766 1276 2188 1368 illustrium,
2249 1278 2351 1349 αι’
2379 1297 2550 1349 aver
2612 1279 2675 1348 si
2726 1267 2872 1368 pud

524 1397 754 1470 dilelto
787 1398 1235 1490 dimorandO,
1274 1397 1480 1490 quasi
1518 1397 1711 1470 dicat
1745 1396 2006 1471 tacite:
2045 1397 2338 1490 quando
2382 1396 2680 1490 quidem
2724 1417 2872 1469 non

523 1537 917 1613 possumus
983 1538 1181 1591 nunc
1247 1517 1547 1592 tendere
1613 1518 1705 1591 ad
1776 1517 2055 1591 bonum
2120 1520 2512 1592 honestum
2581 1516 2870 1590 virtutis

524 1636 914 1711 tendamus
964 1636 1056 1709 ad
1107 1636 1402 1730 aliquod
1453 1637 1730 1710 bonum
1793 1637 2219 1711 delectabile
2271 1638 2386 1712 vel
2441 1637 2641 1731 utile,
2696 1637 2868 1729 quia

524 1757 841 1830 multum
897 1756 1271 1831 decorabit
1323 1757 1708 1831 materiam
1762 1762 2087 1832 nostram
2154 1756 2635 1831 consideratio
2695 1756 2871 1831 ista-

525 1898 695 1950 rum
747 1876 1166 1951 animarum
1205 1877 1603 1971 clararum,
1648 1899 1816 1971 quae
1849 1878 2174 1973 gaudent
2223 1877 2339 1952 hic
2390 1882 2592 1950 tanto
2642 1876 2871 1971 priv‘r-

524 1998 736 2096 legio.
778 1998 867 2071 Et
907 1998 1254 2072 continuo
1288 1998 1602 2072 ostendit
1636 1998 1951 2092 qualiter
1985 1983 2454 2094 pervenerint
2487 1998 2579 2072 ad
2616 1997 2866 2072 viden-

520 2120 697 2196 dum
752 2121 998 2194 locum
1047 2118 1516 2213 promissum,
1557 2119 1842 2193 dicens:
1888 2140 2068 2211 poco
2119 2122 2458 2209 allunyaci
2498 2122 2866 2191 c'eravam

522 2243 597 2314 di
645 2243 783 2330 lici,
833 2241 966 2335 per
1019 2240 1158 2312 hoc
1208 2239 1703 2334 praesupponit
1745 2238 1941 2332 quod
1977 2239 2346 2312 Sordellus
2388 2239 2704 2313 duxerat
2738 2260 2866 2313 eos

523 2352 785 2435 versus
833 2359 1103 2454 locum,
1141 2361 1400 2449 quand’
1418 2361 1489 2430 io
1523 2361 1613 2430 m’
1634 2361 1908 2431 accorsi
1938 2361 2058 2431 che
2089 2361 2140 2431 ’l
2188 2364 2414 2431 monte
2445 2380 2574 2430 era
2606 2380 2858 2450 soemo,

523 2477 727 2572 idest,
765 2483 1184 2573 excavatuS,
1211 2478 1309 2552 ita
1345 2478 1541 2571 quod
1577 2485 1737 2553 erat
1769 2499 1921 2552 una
1956 2499 2253 2552 camera
2288 2499 2612 2553 concava
2647 2478 2857 2572 plana

521 2597 712 2673 intra
765 2605 1117 2692 montem,
1184 2619 1232 2669 a
1279 2601 1483 2689 quisa
1541 2600 1659 2670 che
1706 2601 1735 2671 i
1780 2601 2044 2670 vallom‘
2098 2618 2379 2670 sceman
2418 2600 2619 2690 quici,
2657 2597 2863 2690 idest,

520 2739 568 2794 a
618 2717 831 2792 simili
882 2717 1069 2792 sicut
1120 2717 1452 2793 videmus
1511 2718 1583 2792 in
1646 2723 1890 2792 nostra
1958 2724 2157 2792 terra
2218 2717 2610 2812 habitabili,
2665 2715 2862 2811 quod

520 2840 727 2915 vallis
776 2839 1101 2913 subiecta
1158 2841 1272 2913 vel
1323 2839 1704 2913 adbaerens
1740 2838 1968 2912 monti
2009 2847 2318 2913 excavat
2360 2839 2594 2934 ipsum
2651 2859 2865 2912 mon-

522 2965 693 3035 tem.
748 2960 888 3033 Per
939 2960 1080 3033 hoc
1128 2965 1382 3033 autem
1435 2965 1648 3053 poeta
1700 2959 1970 3055 figurat
2005 2959 2203 3051 quod
2253 2958 2365 3031 isti
2419 2958 2557 3031 viri
2610 2959 2862 3033 valen-

521 3087 629 3156 tes
680 3079 950 3154 habent
1000 3078 1244 3153 locum
1301 3087 1671 3153 remotum
1723 3079 1818 3152 ab
1859 3078 2015 3154 aliis
2050 3079 2515 3173 spectabilem
2576 3079 2649 3152 in
2701 3078 2862 3153 loco

516 3200 687 3294 alto,
739 3200 831 3273 ad
883 3220 1105 3293 quem
1158 3198 1528 3275 Sordellus
1567 3201 1830 3274 obtulit
1881 3221 1960 3274 se
2010 3200 2410 3274 ducturum
2457 3221 2615 3293 eos;
2664 3200 2863 3274 unde

515 3319 729 3395 dicit:
785 3323 982 3412 quell’
1007 3320 1285 3413 ombra,
1339 3322 1630 3414 scilicet,
1701 3321 2095 3416 SordelluS,
2156 3325 2374 3395 disse.-
2423 3312 2579 3395 οοὶἁ
2630 3326 2700 3394 n'
2726 3344 2864 3395 an-

516 3443 824 3533 derem0,
872 3441 1298 3516 ostendebat
1349 3442 1452 3516 eis
1502 3443 1776 3536 locum,
1827 3445 2004 3516 dove
2056 3446 2129 3515 la
2192 3449 2385 3515 costa
2429 3447 2589 3537 sace
2650 3445 2726 3515 di
2791 3441 2869 3516 se*

513 3563 825 3654 membo,
893 3561 1097 3655 idest,
1166 3562 1408 3636 sinum
1483 3568 1557 3636 et
1632 3562 2180 3657 receptaculum
2260 3562 2333 3636 in
2410 3562 2863 3637 concavitate

514 3683 794 3777 pulcra,
828 3704 867 3756 e
898 3672 972 3756 ld
1007 3686 1500 3774 attenderemo,
1535 3682 1739 3777 idest,
1776 3683 1874 3756 ibi
1911 3684 2485 3777 expectabimuS,
2528 3687 2583 3756 il
2629 3705 2860 3757 nuovo

512 3805 796 3894 qiorm,
847 3802 1050 3897 idest,
1112 3802 1305 3877 diem
1372 3808 1828 3896 sequentem,
1882 3802 1982 3876 ita
2051 3802 2249 3895 quod
2317 3804 2505 3876 hanc
2566 3810 2856 3877 noctem

516 3922 1016 4018 expendemus
1065 3922 1586 3997 delectabiliter
1620 3922 1814 3997 circa
1860 3921 2211 3997 visionem
2249 3922 2583 3997 istorum.
2623 3922 2710 3995 Et
2745 3923 2862 3997 hic

515 4047 687 4116 nota
739 4041 935 4136 quod
986 4048 1200 4137 poeta
1269 4043 1523 4136 pulcre
1582 4041 1785 4138 fingit
1855 4042 2052 4134 quod
2105 4040 2476 4116 Sordellus
2542 4042 2858 4116 duxerat

513 4160 691 4235 istos
739 4166 990 4257 poetas
1040 4162 1135 4236 ad
1184 4161 1578 4237 videndum
1634 4162 1807 4235 istos
1860 4161 2056 4235 viros
2105 4161 2444 4256 illustreS,
2495 4163 2672 4256 quia
2726 4163 2862 4240 fuit

515 4280 741 4355 homo
825 4282 1122 4357 curialis
1206 4290 1280 4359 et
1361 4282 1697 4357 curiosus
1772 4281 2247 4378 investigator
2314 4290 2388 4357 et
2458 4283 2862 4359 admirator

519 4400 856 4476 omnium
932 4405 1311 4479 valentum
1389 4404 1502 4478 sui
1581 4402 1927 4497 temporis
2005 4409 2078 4477 et
2145 4405 2478 4477 omnium
2548 4407 2857 4480 virtutes

515 4528 593 4598 et
642 4542 889 4599 mores
945 4511 1219 4600 sciebat
1279 4532 1354 4599 et
1414 4523 1798 4599 referebat.
1829 4562 1929 4576 —
1966 4529 2104 4595 Tra
2154 4530 2324 4596 erto.
2381 4525 2590 4599 Nunc
2640 4532 2853 4621 poeta

516 4643 861 4721 describit
927 4646 1265 4721 nobiliter
1331 4647 1577 4721 locum
1639 4643 1951 4719 istorum
2019 4644 2436 4739 illustrium,
2508 4652 2588 4718 ut
2651 4646 2857 4721 locus
