3704 5559
873 495 1009 561 188
1540 503 1953 559 commv'rum
2003 504 2441 558 PURGATORn

869 652 1324 727 ridomarum
1377 669 1631 745 regem
1685 648 1758 721 in
1808 649 2245 723 Lombardia
2306 649 2501 744 apud
2565 649 2892 745 Padum3
2947 650 3207 725 deinde

867 777 1199 866 tempore
1264 769 1570 844 secundi
1628 768 1795 842 belli
1857 768 2102 863 punici
2153 768 2344 863 cepit
2392 769 2975 843 florentissimam
3030 770 3210 843 civi-

868 896 1095 964 tatem
1126 889 1660 985 Syracusarum
1692 888 1764 961 in
1800 887 2061 982 Sicilia,
2090 894 2165 962 et
2193 888 2781 982 frequentissime
2807 889 2975 964 vicit
3004 890 3204 964 Han-

865 1009 1210 1099 nibalem,
1265 1008 1436 1102 quia
1488 1007 1622 1082 iste
1673 1008 1844 1080 nihil
1898 1008 2068 1082 facit
2117 1007 2206 1081 ad
2260 1008 2752 1103 propositum:
2792 1028 2928 1083 nec
2974 1008 3212 1102 loqui-

870 1134 993 1201 tur
1043 1127 1136 1202 de
1186 1127 1523 1201 Marcello
1584 1127 1887 1223 egregio
1945 1126 2487 1201 adolescentulo
2552 1135 2816 1223 nepote
2876 1128 3210 1224 Augusti,

869 1267 1007 1321 nec
1057 1246 1150 1321 de
1200 1247 1447 1341 aliquo
1496 1247 1640 1321 alio
1691 1248 2031 1322 Marcello
2091 1268 2262 1321 cum
2336 1248 2548 1321 multi
2599 1249 2892 1343 fuerint,
2943 1248 3071 1323 sed
3121 1248 3214 1323 de

867 1367 1208 1442 Marcello
1259 1367 1380 1441 illo
1432 1368 1733 1442 consule
1784 1367 1912 1461 qui
1962 1367 2097 1440 fuit
2148 1367 2675 1441 audacissimus
2723 1370 3213 1464 Pompeianus

870 1487 1173 1562 infestus
1222 1507 1516 1581 semper
1566 1487 1858 1580 Caesari,
1914 1488 2040 1581 qui
2082 1488 2436 1582 judicavit
2488 1489 2723 1583 ipsum
2777 1491 3088 1583 hostem,
3133 1497 3215 1563 ut

865 1614 1067 1702 patet
1114 1608 1309 1703 apud
1361 1607 1787 1683 Svetonium
1824 1608 2012 1682 libro
2062 1608 2130 1702 13
2184 1617 2440 1686 contra
2476 1630 2698 1703 quem
2744 1608 2912 1683 dicit
2946 1611 3210 1704 Caesar,

867 1733 951 1799 ut
983 1728 1324 1802 Lucanus
1358 1728 1643 1803 scribit:
1699 1731 2203 1818 Marcellusque
2256 1732 2522 1819 loquace-
2571 1736 2638 1801 et
2683 1732 2971 1802 nomina
3022 1751 3213 1802 vana

873 1847 1174 1919 Catonis.
1228 1847 1401 1921 Vult
1451 1868 1631 1944 ergo
1680 1856 1897 1942 poeta
1948 1848 2194 1922 dicere
2256 1848 2493 1942 tacite,
2548 1849 2745 1942 quod
2797 1850 2985 1923 sicut
3039 1851 3212 1924 olim

868 1966 1253 2041 Marcellus
1304 1987 1398 2041 ex
1453 1989 1719 2063 magna
1760 1968 2147 2042 affectione
2181 1970 2643 2063 praesumpsit
2694 1976 2766 2043 et
2818 1971 3216 2045 insurrexit

870 2092 1127 2161 contra
1178 2088 1546 2161 Caesarem
1599 2088 1923 2182 primum
1977 2088 2530 2183 imperatorem,
2582 2090 2679 2163 ita
2730 2090 2945 2164 hodie
2979 2091 3215 2165 omnis

875 2206 1310 2280 castellanus
1360 2213 1433 2280 et
1485 2208 1795 2282 villanus
1846 2209 2228 2302 praesumit
2277 2215 2351 2282 et
2402 2209 2710 2305 insurgit
2768 2216 3025 2283 contra
3078 2210 3216 2283 im—

872 2331 1314 2420 peratorem.
1371 2325 1457 2397 Et
1505 2325 1694 2400 bene
1735 2325 2097 2421 judicium
2165 2328 2363 2402 venit
2424 2349 2645 2422 supra
2696 2329 2968 2403 dictum
3024 2331 3216 2402 Mar-

873 2445 1185 2537 cellum;
1238 2466 1408 2518 nam
1463 2465 1633 2518 cum
1671 2446 1912 2521 Caesar
1958 2448 2523 2523 clementissime
2556 2448 2893 2523 donasset
2934 2449 3066 2522 sibi
3106 2449 3217 2523 vi-

876 2570 1051 2659 tam,
1107 2565 1404 2658 quidam
1457 2585 1716 2639 servus
1768 2567 1927 2640 eius
1978 2568 2476 2643 crudelissime
2525 2570 2764 2666 gladio
2817 2570 3103 2664 eripuit.

1021 2688 1319 2757 Firenze
1367 2688 1531 2757 mia.
1586 2687 1726 2760 Ista
1778 2692 1889 2759 est
1938 2693 2201 2781 quarta
2252 2697 2326 2763 et
2377 2688 2634 2763 ultima
2695 2710 2887 2785 parS,
2942 2689 3015 2761 in
3066 2710 3217 2784 qua

874 2811 1090 2900 poeta
1141 2812 1389 2880 noster
1442 2827 1536 2881 ne
1585 2807 1921 2881 videatur
1973 2809 2240 2882 oblitus
2290 2830 2444 2882 suae
2492 2809 2902 2905 Florentiae,
2939 2812 3030 2886 de
3067 2832 3215 2906 qua

875 2925 1049 2998 nihil
1108 2925 1394 2999 dixerat
1442 2925 1683 3001 adhuc
1746 2927 1820 2999 in
1883 2927 2018 3000 isto
2088 2929 2540 3024 purgatorio,
2593 2931 2763 3004 facit
2827 2931 3216 3026 specialem

874 3044 1311 3119 invectivam
1364 3051 1618 3119 contra
1654 3066 1846 3139 eam,
1885 3067 2109 3140 quam
2155 3047 2341 3122 inter
2384 3048 2711 3123 civitates
2757 3051 2980 3125 Italiae
3029 3071 3218 3145 prae-

873 3183 1040 3236 sens
1083 3163 1460 3258 negotium
1497 3165 1747 3259 tangit.
1779 3166 1867 3238 Et
1900 3166 2297 3260 alloquitur
2338 3188 2504 3242 eam
2547 3169 2817 3263 pulcris
2852 3191 3218 3246 scomma-

875 3282 1066 3355 tibus
1097 3281 1444 3355 continuo
1474 3282 1876 3378 ironizans3
1906 3285 2101 3360 unde
2125 3286 2292 3360 dicit
2327 3288 2597 3381 primo:
2626 3294 2926 3363 Firenze
2960 3295 3101 3364 mia
3118 3284 3218 3386 (¹),

877 3402 1006 3473 ben
1047 3406 1218 3493 puoi
1263 3423 1451 3474 esser
1500 3410 1843 3495 contenta,
1881 3412 1955 3478 et
2006 3405 2170 3479 laeta
2223 3407 2412 3481 inter
2463 3407 2641 3482 alias
2682 3415 2921 3484 terras
2954 3411 3217 3505 Italiae3

877 3521 1162 3596 irrisive
1210 3520 1401 3615 dicit,
1456 3523 1665 3616 quasi
1714 3523 1943 3598 dicat:
1998 3546 2144 3599 non
2195 3534 2536 3602 contenta
2596 3549 2841 3623 neque
2908 3532 3094 3624 laeta,
3148 3533 3223 3604 di

876 3648 1115 3734 questa
1166 3643 1583 3734 diqression,
1635 3642 1839 3737 idest,
1891 3643 1983 3718 de
2033 3645 2169 3718 ista
2221 3645 2754 3722 exclamatione
2805 3669 3030 3742 quam
3082 3649 3219 3724 feci

876 3760 976 3836 ita
1028 3760 1464 3858 digressorie
1539 3764 1888 3838 recedens
1951 3786 1994 3840 a
2060 3767 2369 3841 materia
2430 3769 2828 3864 principali,
2889 3778 2962 3846 et
3013 3772 3217 3849 dicit:

873 3879 1103 3957 merce*
1146 3886 1263 3957 del
1300 3887 1519 3976 popol
1566 3892 1680 3957 tuo
1718 3887 1836 3957 che
1876 3878 1936 3958 εὶ
1987 3894 2427 3979 arqomenca,
2465 3888 2669 3982 idest,
2714 3890 3048 3984 providet
3081 3892 3215 3966 sihi

874 4009 1257 4097 tamquam
1308 4005 1620 4098 populus
1669 4024 1922 4100 sagax,
1971 4025 2143 4079 cum
2197 4012 2446 4081 tamen
2497 4008 2593 4082 ab
2643 4009 2946 4104 antiquo
2997 4031 3218 4087 voce-

870 4129 994 4196 tur
1055 4143 1318 4217 caecuS,
1371 4124 1578 4218 quasi
1630 4124 1841 4219 dicat,
1921 4145 2054 4219 per
2118 4129 2597 4223 contrarium,
2662 4130 2797 4204 ista
2863 4130 3216 4228 digressio

870 4242 1360 4337 principaliter
1414 4244 1642 4340 tangit
1693 4251 1788 4339 te,
1842 4244 2010 4320 licet
2063 4246 2321 4322 ultimo
2388 4249 2877 4325 converterim
2933 4273 3219 4328 sermo-

867 4380 1041 4434 nem
1095 4362 1188 4436 ad
1238 4368 1312 4436 te
1363 4363 1577 4457 culpa
1627 4363 1736 4436 tui
1784 4365 2056 4459 populi,
2102 4366 2275 4459 quia
2318 4369 2633 4463 populus
2686 4376 2862 4444 tuus
2912 4372 3055 4446 cito
3089 4371 3220 4448 de-

3008 4539 3219 4551 ———

1000 4612 1053 4673 (⁸)
1088 4616 1195 4673 11⁷,
1229 4612 1363 4670 mia:
1395 4614 1559 4676 patria
1590 4627 1722 4675 mea,
1756 4615 1847 4666 ben
1874 4617 2017 4680 pum'.
