3704 5559
1147 510 1425 564 CANTUS
1474 511 1790 566 Decimus
1839 509 2176 563 oc‘rAvus.
2702 500 2841 566 489

509 659 689 732 ritus
741 657 1152 730 manifestat
1203 675 1284 728 se
1334 656 1570 749 ipsum
1624 655 2041 728 describens
2104 675 2185 729 se
2248 675 2292 728 a
2362 655 2732 749 dignitate,
2800 677 2844 730 a

507 779 687 871 loc0,
724 799 770 852 a
808 784 1157 870 tempore.
1196 776 1282 847 Et
1314 776 1406 849 ad
1442 775 1988 870 intelligentiam
2028 773 2317 869 plenam
2363 776 2581 849 huius
2619 777 2846 850 literae

507 904 617 971 est
650 897 886 990 primo
922 895 1322 988 sciendum,
1360 895 1557 989 quod
1593 895 1728 968 iste
1761 895 2055 989 spiritus
2088 894 2258 968 dicit
2291 916 2371 968 se
2406 896 2624 969 fuisse
2660 903 2848 970 tem-

507 1037 689 1111 pore
738 1016 1248 1108 Barbaerussae,
1300 1035 1449 1108 quo
1499 1014 1910 1088 Fridericus
1960 1013 1989 1084 1
2041 1014 2132 1087 de
2191 1013 2481 1107 Suevia,
2534 1015 2625 1088 de
2696 1035 2846 1108 quo

509 1137 684 1209 alias
735 1135 921 1208 facta
972 1140 1082 1207 est
1124 1134 1417 1227 mentio,
1473 1133 1858 1227 imperavit
1919 1133 2128 1206 annis
2187 1133 2480 1228 triginta
2534 1140 2843 1226 septem.

509 1255 649 1342 Qui
700 1255 900 1348 prius
951 1253 1084 1325 suit
1132 1253 1412 1326 amicus
1464 1252 1810 1343 ecclesiae,
1864 1252 1990 1325 sed
2043 1257 2291 1345 postea
2345 1252 2596 1325 babuit
2647 1251 2843 1325 litem

510 1396 682 1448 cum
749 1372 1158 1447 Alexandro
1210 1373 1298 1445 111
1360 1373 1668 1464 senensi,
1729 1372 1859 1464 qui
1921 1371 2584 1444 excommunicavit
2648 1391 2845 1444 eum.

397 1483 400 1488 ’
509 1495 670 1580 Quo
722 1498 1053 1586 tempore
1104 1493 1336 1565 multa
1376 1491 1566 1564 bella
1618 1491 1873 1563 habuit
1923 1490 1996 1562 in
2048 1489 2248 1564 Italia
2300 1511 2472 1563 cum
2525 1491 2849 1564 lombar-

511 1614 617 1686 dis
668 1612 1076 1686 faventibus
1129 1632 1368 1707 papae3
1406 1617 1478 1684 et
1520 1610 1750 1683 victor
1802 1610 2136 1682 omnium
2189 1610 2546 1684 destruxit
2596 1610 2848 1705 Spole-

514 1738 672 1804 tum
710 1738 782 1805 et
815 1731 1255 1805 Terdonam:
1286 1730 1621 1804 Laudum
1669 1729 2220 1803 transmutavit:
2258 1729 2849 1803 aedificavit-Cre-

516 1873 738 1946 mam,
804 1859 876 1926 et
944 1852 1384 1925 Cremonam
1456 1850 1728 1943 recepit
1795 1870 1926 1943 per
1986 1849 2445 1923 deditionem.
2508 1851 2594 1922 Et
2661 1850 2849 1924 inter

512 1970 989 2045 memoranda
1016 1975 1243 2063 gesta,
1270 1969 1755 2043 Mediolanum
1782 1989 1914 2062 per
1950 1968 2397 2042 obsidionem
2436 1971 2624 2064 cepit
2656 1990 2850 2042 anno

519 2091 802 2164 Domini
847 2089 1204 2183 MCLXIII,
1241 2090 1437 2181 quod
1472 2089 1852 2183 prostratis
1888 2089 2173 2162 moeniis
2214 2095 2449 2162 totum
2487 2090 2655 2184 igne
2689 2109 2853 2162 cre-

521 2210 769 2301 mavit,
822 2214 895 2282 et
944 2208 1111 2281 fecit
1160 2208 1354 2282 arari
1392 2216 1466 2281 et
1492 2207 1834 2282 seminari
1880 2208 2048 2280 sale.
2089 2209 2172 2279 Et
2208 2208 2374 2281 fecit
2407 2207 2499 2281 de
2535 2207 2852 2281 romanis

520 2327 1007 2402 miserabilem
1036 2333 1393 2423 stragem:
1417 2335 1710 2422 propter
1738 2348 1907 2421 quae
1919 2328 2329 2402 Alexander
2366 2329 2627 2401 timens
2648 2328 2852 2401 furo-

516 2471 673 2524 rem
703 2449 1039 2543 potentiae
1074 2449 1256 2541 eiuS,
1275 2449 1601 2544 confugit
1640 2449 1995 2540 Venetias,
2024 2449 2149 2521 ubi
2186 2456 2614 2523 reverenter
2643 2466 2851 2521 rece-

514 2575 677 2663 ptus
719 2588 1006 2641 moram
1046 2567 1230 2641 fecit.
1274 2568 1498 2641 Cuius
1542 2568 1794 2641 favore
1834 2567 2408 2640 mediolanenses
2446 2564 2844 2639 reaedifica-

515 2694 782 2760 verunt
818 2708 1077 2761 eorum
1107 2688 1474 2761 civitatem
1505 2707 1865 2781 eversam,
1894 2707 2087 2760 anno
2115 2686 2399 2760 Domini
2427 2684 2844 2758 MCLXVIII.

514 2807 786 2880 Deinde
836 2807 1052 2899 paulo
1098 2814 1259 2900 post
1305 2808 1432 2901 ipsi
1484 2828 1656 2881 cum
1708 2806 1981 2879 auxilio
2034 2806 2648 2898 cremonensium,
2695 2805 2849 2898 pla-

517 2926 1001 3017 centinorum,
1045 2932 1119 2997 et
1169 2926 1483 2998 aliorum
1539 2926 2096 2999 lombardorum
2148 2925 2558 2998 amicorum
2614 2925 2851 2998 eccle-

518 3046 663 3137 siae,
717 3045 1209 3118 fundaverunt
1260 3066 1526 3119 novam
1580 3045 1947 3118 civitatem
2001 3050 2254 3118 contra
2305 3044 2601 3137 Papiam
2655 3064 2854 3116 sem-

515 3186 646 3259 per
699 3165 1066 3237 inimicam
1122 3164 1497 3238 Mediolani
1551 3184 1719 3256 quae
1770 3164 2060 3237 faverat
2110 3163 2516 3256 Frideric03
2559 3170 2632 3237 et
2669 3164 2854 3237 hanc

519 3291 791 3357 terram
820 3285 892 3356 in
919 3289 1421 3377 contemptum
1453 3284 1690 3377 Papiae
1719 3281 2235 3356 Alexandriam
2263 3288 2735 3355 vocaverunt.
2764 3282 2856 3353 Et

516 3402 667 3475 dux
704 3403 1174 3478 Venetiarum
1228 3425 1496 3498 magna
1550 3406 1780 3477 classe
1812 3404 2035 3499 gessit
2068 3404 2343 3478 bellum
2383 3406 2643 3478 navale
2680 3424 2853 3477 cum

516 3521 827 3597 Henrico
879 3523 1337 3618 imperatoris
1391 3523 1557 3616 filio,
1596 3544 1819 3615 quem
1865 3524 2139 3596 victum
2193 3528 2266 3596 et
2312 3530 2611 3617 captum
2646 3522 2857 3595 duxit

517 3641 871 3716 Venetias.
927 3643 1337 3716 Fridericus
1378 3641 1655 3735 videns,
1691 3642 1984 3716 fortuna
2040 3648 2347 3734 mutata,
2383 3662 2463 3715 se
2508 3642 2854 3714 continuo

518 3759 904 3853 declinare,
959 3768 1032 3833 et
1080 3759 1577 3834 Alexandrum
1636 3763 1941 3835 exaltari
1978 3761 2230 3835 favore
2280 3759 2624 3832 Ludovici
2664 3758 2855 3854 regis

519 3878 863 3971 Franciae,
918 3885 992 3951 et
1040 3879 1329 3952 Henrici
1373 3880 1565 3975 regis
1605 3881 1880 3975 Angliae
1914 3880 2169 3974 generi
2206 3880 2342 3971 sui,
2382 3885 2456 3952 et
2490 3878 2856 3952 Guilielmi

520 3998 771 4091 optimi
836 3996 1029 4092 regis
1093 3997 1372 4091 Siciliae,
1433 4006 1874 4073 venetorum
1936 4006 2009 4073 et
2078 3997 2653 4089 lombardorum,
2724 4017 2856 4091 per

521 4117 793 4212 legatos
842 4117 1045 4211 petiit
1094 4138 1348 4211 pacem
1389 4126 1462 4192 et
1495 4120 1809 4211 veniam,
1850 4124 1926 4192 et
1967 4119 2264 4193 veniens
2300 4117 2637 4191 Venetias
2684 4136 2856 4210 pro-

520 4237 686 4310 cidit
736 4237 827 4310 ad
878 4237 1095 4331 pedes
1144 4259 1369 4333 papae.
1410 4238 1634 4311 Cuius
1667 4240 1953 4333 gutturi
1990 4260 2174 4334 papa
2213 4238 2577 4333 applicans
2613 4235 2857 4331 pedeS,

518 4355 695 4429 dixit
745 4356 920 4428 illud
970 4357 1391 4450 psalmistae:
1447 4363 1668 4449 Super
1719 4361 2031 4450 aspidem
2065 4366 2131 4431 et
2176 4360 2564 4430 basiliscum
2616 4357 2860 4428 ambu-

520 4477 696 4547 labis
727 4482 792 4547 ει
820 4478 1250 4550 conculcabis
1301 4481 1564 4550 leonem
1605 4486 1670 4550 el
1700 4482 2100 4550 draconem.
2146 4479 2232 4550 Et
2276 4478 2719 4570 imperatore
2753 4475 2859 4549 di-

521 4601 767 4669 cente:
823 4615 971 4668 non
1025 4595 1147 4668 tibi
1198 4597 1324 4672 sed
1377 4598 1628 4689 Petro;
1681 4618 1868 4691 papa
1905 4596 2305 4692 respondit:
2348 4614 2487 4690 ego
2525 4614 2689 4665 sum
2748 4596 2858 4669 vi-
