3704 5559
827 505 968 573 338
1539 516 1948 571 coMENTUM
1997 516 2441 569 Pur-enom

820 682 977 736 sua.
1032 664 1240 737 Stetit
1290 669 1541 737 autem
1594 681 1725 756 per
1778 667 2101 754 quatuor
2148 660 2301 734 dies
2352 660 2447 734 ibi
2501 661 2854 735 simulans
2903 682 2984 736 se
3034 682 3168 736 va-

821 801 997 856 care
1029 782 1483 858 orationibus
1516 781 1922 856 secundum
1960 783 2202 877 legem
2234 802 2469 855 suam.
2499 781 2875 857 olofernes
2908 790 3163 858 autem

821 903 1089 978 ardens
1140 903 1300 978 eius
1358 923 1638 996 amore,
1703 923 1854 977 uno
1913 922 2080 976 sero
2130 922 2304 976 cum
2365 902 2439 975 in
2500 902 2835 977 convivio
2894 924 3166 1000 magno

821 1023 1117 1098 bibisset
1168 1025 1558 1118 plusquam
1614 1043 2013 1116 umquam,
2070 1021 2314 1094 Judith
2373 1020 2636 1094 invasit
2685 1042 2859 1095 eum
2920 1023 3166 1117 sepul-

823 1148 983 1215 tum
1037 1163 1294 1215 somno
1339 1148 1411 1215 et
1444 1142 1641 1235 vino,
1681 1147 1754 1215 et
1788 1147 2009 1236 caput
2044 1141 2234 1213 illius
2274 1140 2676 1215 abscissum
2719 1142 3035 1237 portavit
3073 1143 3168 1216 ad

823 1282 1038 1356 suos3
1091 1283 1240 1356 quo
1290 1262 1383 1335 de
1432 1262 1730 1336 consilio
1783 1261 1942 1336 eius
1995 1260 2226 1354 posito
2277 1260 2351 1333 in
2403 1282 2623 1336 muro
2664 1261 2992 1356 civitatiS,
3034 1263 3168 1338 be-

827 1383 1133 1457 thuliani
1206 1388 1633 1478 eruperunt,
1703 1389 1775 1456 et
1851 1381 2264 1455 exercitum
2337 1381 2637 1456 faciliter
2705 1382 3165 1457 debellarunt

817 1503 974 1598 jam
1027 1524 1178 1597 prae
1230 1503 1496 1576 timore
1530 1502 1954 1598 fugientem.
1991 1501 2199 1575 Ozias
2234 1508 2483 1575 autem
2524 1501 2716 1574 misit
2754 1501 3000 1576 literas
3034 1522 3167 1598 per

826 1641 1084 1697 omnes
1135 1622 1459 1697 civitates
1511 1622 1730 1696 Israel
1783 1627 1856 1695 et
1908 1622 2271 1717 persecuti
2321 1629 2491 1694 sunt
2551 1642 2677 1696 eos
2737 1642 2870 1717 per
2921 1621 3166 1696 omnia

828 1740 1087 1817 itinera
1140 1742 1526 1815 montium.
1564 1744 1652 1814 Et
1685 1741 2011 1816 Joachim
2066 1762 2404 1814 summus
2455 1740 2770 1834 pontifex
2826 1740 2899 1814 in
2951 1741 3169 1815 Jeru-

826 1862 1054 1935 salem
1107 1861 1305 1935 venit
1356 1861 1763 1934 Bethuliam
1816 1860 1909 1934 ad
1961 1848 2344 1933 videhdam
2384 1860 2914 1953 Judith,fquam
2962 1860 3170 1934 exal-

827 1980 1007 2053 tavit
1056 1985 1130 2052 et
1180 1979 1548 2052 benedixit
1600 1999 1820 2074 super
1887 1999 2144 2052 omnes
2211 1979 2578 2053 mulieres,
2647 1980 2752 2051 Ex
2817 1980 2927 2053 his
2987 1999 3168 2074 ergo

828 2105 1028 2194 patet
1077 2099 1450 2192 quomodo
1486 2098 1937 2172 intoleranda
1974 2100 2317 2194 superbia
2362 2100 2663 2173 confusa
2701 2104 2810 2173 est
2846 2119 2978 2195 per
3011 2120 3174 2173 ma-

832 2239 1012 2290 num
1065 2218 1494 2291 humillimae
1546 2219 1896 2292 mulieris.
1951 2218 2057 2290 Ad
2110 2219 2393 2292 literam
2451 2240 2661 2316 ergo:
2703 2218 2873 2293 dicit
2913 2226 3168 2315 poeta:

833 2342 905 2410 et
958 2336 1133 2410 illud
1183 2337 1711 2433 pavimentum,
1764 2345 2151 2429 mos-trava,
2204 2338 2297 2410 ibi
2355 2338 2780 2434 figuratum,
2833 2360 3026 2412 come
3072 2342 3175 2431 qli

833 2458 1064 2529 Assia
1117 2461 1180 2530 si
1235 2460 1523 2550 suqyiro
1573 2461 1646 2529 in
1695 2465 1913 2549 roua,
1966 2458 2161 2551 quia,
2218 2464 2297 2529 ut
2347 2459 2633 2554 dicetur
2664 2452 2736 2549 (¹)
2804 2458 2877 2532 in
2934 2458 3171 2553 litera,

833 2576 932 2650 ita
982 2577 1422 2652 consternati
1474 2584 1668 2671 sunt,
1721 2585 1803 2651 ut
1857 2578 2100 2650 nullus
2152 2577 2581 2671 loqueretur
2616 2599 2789 2652 cum
2835 2578 3173 2673 proximo

832 2718 992 2792 suo,
1038 2701 1319 2791 poi-che
1361 2702 1441 2792 fu
1492 2705 1718 2771 morto
1779 2703 2130 2793 oloferne,
2191 2705 2264 2771 et
2314 2700 2639 2793 sepultus
2691 2699 2765 2771 in
2818 2698 3174 2796 sanguine

828 2840 1004 2913 su03
1067 2826 1141 2894 et
1190 2820 1397 2893 dicit:
1433 2827 1500 2892 et
1527 2841 1732 2912 αηοο,
1770 2819 1975 2913 idest,
2017 2820 2236 2894 etiam
2282 2820 2731 2913 ostendebat,
2782 2824 2845 2894 le
2891 2822 3177 2913 reliquie

828 2942 944 3012 del
989 2944 1314 3032 mortim,
1367 2940 1659 3035 scilicet,
1712 2941 2110 3014 occisiones
2174 2939 2487 3012 militum
2543 2961 2881 3035 suorum,
2931 2948 3006 3017 et
3068 2942 3177 3015 la-

829 3079 1079 3133 ceram
1133 3060 1407 3156 fugam.
1447 3062 1669 3133 Erant
1706 3061 1902 3134 enim
1939 3067 2238 3133 centum
2282 3060 2530 3155 viginti
2567 3061 2787 3135 millia
2823 3061 3177 3157 peditum,

831 3185 907 3252 et
956 3179 1288 3271 equitum
1329 3171 1401 3270 (²)
1443 3179 1691 3273 viginti
1729 3179 1877 3252 duo
1915 3179 2174 3273 millia3
2227 3179 2557 3253 similiter
2591 3187 2666 3253 et
2698 3181 2980 3275 praedas
3012 3203 3178 3255 ma-

829 3316 1034 3391 gnas,
1087 3318 1254 3368 nam
1311 3317 1567 3369 omnes
1617 3296 1819 3370 ditati
1871 3304 2042 3370 sunt
2091 3298 2351 3393 spoliis.
2390 3299 2781 3374 Benedicta
2824 3320 3009 3396 ergo
3044 3300 3178 3373 Ju-

832 3416 982 3489 dith
1034 3416 1379 3489 castitatis
1416 3416 1864 3511 exemplum,
1902 3438 2069 3510 quae
2119 3419 2211 3491 de
2262 3418 2530 3492 invicto
2582 3425 2656 3492 et
2709 3417 3177 3515 insuperabili

831 3536 1155 3632 principe
1207 3544 1355 3611 tam
1409 3537 1973 3633 magnanimiter
2027 3539 2520 3633 triumphavit.
2567 3580 2667 3592 —
2708 3541 2993 3613 Vedeva.
3045 3537 3177 3612 Hic

836 3655 1091 3729 ultimo
1142 3663 1356 3750 poeta
1406 3655 1605 3751 ponit
1658 3676 1911 3752 regem
1966 3658 2343 3731 Priamum
2388 3659 2867 3733 memorabile
2915 3676 3175 3731 exem-

835 3775 1037 3870 plum
1088 3775 1426 3869 fortunae,
1479 3783 1629 3849 tam
1685 3761 2101 3851 miserabile
2153 3797 2375 3869 quam
2435 3776 2638 3850 triste
2674 3776 3173 3872 spectaculum

833 3894 1164 3970 omnium
1195 3896 1710 3991 superborum.
1739 3896 1900 3990 Ipse
1937 3896 2233 3988 quidem
2270 3896 2573 3988 antiquo
2600 3897 2959 3993 sanguine
2992 3897 3179 3971 Dar-

831 4014 999 4089 dani
1049 4034 1473 4110 generosus,
1513 4035 1748 4089 uxore
1799 4015 1992 4103 felix,
2038 4014 2243 4109 prole
2295 4015 2644 4109 inclytus;
2697 4036 2868 4089 nam
2903 4034 3001 4089 ex
3034 4015 3180 4090 He-

832 4135 1023 4207 cuba
1074 4135 1328 4208 decem
1383 4154 1646 4207 novem
1705 4134 1888 4206 filios
1955 4135 2342 4226 utriusque
2410 4154 2632 4207 sexus
2693 4135 3032 4229 suscepit,
3083 4154 3177 4209 ex

833 4252 1257 4327 concubinis
1311 4253 1602 4348 triginta
1656 4275 1918 4346 unum,
1961 4273 2188 4348 regno
2230 4253 2783 4348 opulentissimo
2817 4256 3063 4329 clarus
3100 4260 3181 4327 ut

833 4371 1148 4444 Hesione
1182 4372 1453 4445 sororis
1488 4372 1806 4446 dedecus
1840 4372 2172 4447 aboleret
2198 4362 2297 4465 (³),
2326 4374 2598 4447 Helena
2635 4379 2841 4468 rapta
2876 4393 3008 4469 per
3041 4374 3183 4447 Pa-

962 4622 1016 4685 (¹)
1049 4621 1110 4672 E.
1143 4622 1349 4673 dicitur.
1546 4623 1602 4685 (¹)
1636 4624 1697 4674 Ε.
1729 4624 1967 4687 equitum
2001 4624 2272 4674 duodecim
2306 4624 2487 4674 millia.
2681 4622 2736 4686 (Ἴ
2767 4623 2829 4673 Ε.
2862 4623 3179 4673 aboleretur.
