3704 5559
851 479 941 545 30
1580 491 1986 545 coMENTUM
2038 493 2473 546 PURGATonn

847 636 1042 708 rium
1073 631 1147 727 (¹)
1201 656 1380 709 vero
1432 635 1771 709 famulari
1824 644 2054 728 atque
2103 637 2406 730 servire,
2461 636 2702 731 primo
2755 638 3201 713 studuerunt

845 775 1111 829 eorum
1164 756 1474 850 patriam
1537 756 1697 829 fore
1761 756 2093 848 liberam,
2153 755 2412 830 deinde
2482 756 2879 829 dominam.
2943 759 3200 833 Nonne

843 877 1117 949 Brutus
1167 877 1449 972 primus
1519 882 1738 949 autor
1798 896 2127 949 romanae
2196 875 2547 948 libertatis
2612 896 2947 951 amorem
3011 878 3200 952 illius

843 997 1163 1091 praetulit
1228 996 1466 1070 amori
1537 996 1883 1089 filiorum,
1947 1016 2133 1089 quos
2194 995 2332 1067 sub
2403 995 2632 1070 oculis
2712 996 2863 1069 suis
2930 1019 3198 1094 magno

845 1117 1091 1190 animo
1144 1116 1311 1191 fecit
1369 1117 1622 1209 occidi,
1676 1117 1848 1209 quia
1912 1136 2123 1210 reges
2184 1136 2228 1188 a
2286 1135 2365 1188 se
2433 1116 2775 1208 expulsos
2841 1118 3200 1193 reducere

846 1239 1356 1311 conabantur?
1408 1244 1481 1311 et
1540 1237 1692 1330 ipse
1752 1236 2038 1309 sortiter
2100 1255 2434 1330 pugnans
2501 1236 2572 1307 in
2637 1256 2897 1330 campo
2965 1238 3197 1310 filium

850 1358 1042 1452 regis
1084 1377 1343 1431 amore
1370 1357 1702 1433 vindictae
1736 1358 1944 1429 hasta
1982 1356 2361 1447 transfixit,
2399 1356 2494 1429 ab
2531 1376 2621 1429 eo
2649 1356 2921 1450 pariter
2956 1363 3197 1431 trans-

846 1476 1095 1549 fixus?
1146 1478 1401 1551 Nonne
1453 1477 1822 1572 Virginius
1884 1481 2364 1569 recuperator
2425 1475 2775 1549 libertatis
2834 1497 3196 1570 oppressae

845 1594 1246 1689 virginiam
1304 1595 1663 1691 virginem
1717 1594 1940 1668 filiam
1995 1594 2369 1688 propriam
2414 1614 2639 1666 manu
2684 1616 2819 1668 sua
2855 1602 2926 1668 et
2960 1596 3196 1670 alieno

845 1713 1086 1808 gladio
1139 1714 1367 1788 libere
1418 1714 1726 1787 occidit?
1761 1713 2177 1786 Notandum
2225 1713 2445 1786 etiam
2502 1713 2699 1807 quod
2750 1715 2975 1807 aliqui
3027 1723 3198 1789 sunt

844 1832 1055 1905 liberi
1107 1843 1181 1908 et
1232 1833 1423 1906 servi
1476 1855 1521 1906 a
1572 1840 1865 1927 natura,
1902 1833 2127 1927 aliqui
2178 1855 2222 1907 a
2275 1834 2593 1927 fortuna,
2631 1841 2714 1905 ut
2748 1835 3008 1927 probat
3041 1837 3200 1929 phi-

843 1956 1190 2049 losophus
1251 1956 1437 2028 libro
1503 1956 2023 2029 Politicorum:
2088 1956 2522 2029 naturaliter
2580 1955 2775 2028 enim
2837 1957 3197 2049 sapientes

845 2080 918 2148 et
970 2075 1095 2167 qui
1151 2075 1400 2169 vigent
1449 2074 1821 2147 intellectu
1866 2074 2365 2168 dominantur,
2402 2080 2477 2147 et
2512 2074 2924 2168 insipientes
2967 2082 3040 2148 et
3074 2096 3198 2148 ca-

847 2201 1090 2267 rentes
1147 2195 1429 2268 ratione
1481 2195 1832 2268 serviunt.
1888 2194 2022 2266 Alii
2075 2215 2255 2268 vero
2308 2194 2502 2267 servi
2557 2205 2631 2269 et
2695 2195 2903 2268 liberi
2955 2217 3000 2268 a
3051 2197 3202 2270 for-

847 2321 1053 2405 tuna,
1107 2314 1294 2387 sicut
1345 2314 1532 2408 capti
1569 2314 1641 2386 in
1676 2313 1867 2387 bello
1904 2314 2329 2387 efficiuntur
2364 2313 2559 2386 servi
2603 2313 3068 2407 capientium,
3123 2321 3198 2388 et

788 2513 795 2518 ,
847 2435 1161 2508 victores
1189 2435 1396 2508 liberi
1432 2435 1820 2529 imponunt
1856 2434 2054 2530 leges
2091 2434 2295 2508 victis
2331 2433 2423 2505 de
2455 2433 2632 2526 jure
2672 2434 3028 2528 gentium,
3066 2441 3198 2507 aut

846 2555 1101 2650 praetio
1137 2554 1481 2628 vendunt.
1521 2554 1608 2625 Et
1642 2554 1816 2647 quid
1854 2556 2167 2647 populus
2202 2553 2386 2626 liber
2421 2560 2709 2645 poterat
2743 2553 2921 2627 dare
2957 2553 3196 2627 maius

846 2675 1232 2749 libertate?
1281 2674 1487 2748 Unde
1537 2674 1738 2747 Titus
1773 2673 2172 2747 Flaminius
2209 2672 2463 2746 consul
2507 2693 2880 2767 romanu5‚
2918 2674 3010 2748 de
3045 2694 3194 2767 quo

844 2795 1033 2869 facta
1087 2801 1197 2869 est
1251 2795 1521 2868 mentio
1573 2795 1793 2889 paulo
1846 2815 2095 2887 supra,
2131 2793 2438 2866 liberata
2483 2792 2764 2866 Graecia
2816 2793 2907 2867 de
2961 2793 3198 2866 mani-

843 2915 982 2988 bus
1034 2915 1335 3009 Philippi
1389 2915 1582 3011 regis
1626 2914 2088 3006 Macedoniae,
2125 2912 2458 2986 oratione
2499 2911 2884 3007 magnifica
2926 2915 3199 2986 exhor-

844 3040 1040 3107 tatus
1093 3041 1202 3107 est
1251 3054 1531 3129 graecos
1582 3034 1672 3106 ad
1725 3034 2163 3124 libertatem,
2216 3039 2291 3105 et
2340 3031 2567 3127 gratis
2626 3032 2925 3105 donavit
2976 3033 3199 3106 liber-

846 3160 1071 3226 tatem
1124 3153 1466 3226 omnibus
1517 3153 1931 3226 civitatibus
1982 3152 2321 3245 Graeciae3
2375 3152 2536 3225 ideo
2581 3151 2673 3224 ad
2724 3173 2988 3224 sonum
3044 3160 3195 3227 tam

836 3272 1183 3366 jocundae
1234 3272 1456 3366 vociS,
1511 3279 1660 3346 tam
1716 3273 1924 3345 laetus
1975 3280 2050 3346 et
2100 3273 2293 3345 altus
2347 3273 2624 3345 clamor
2668 3271 2898 3345 factus
2942 3279 3071 3368 est,
3112 3282 3196 3347 ut

844 3412 1021 3465 aves
1071 3381 1169 3465 de*
1213 3391 1401 3465 coelo
1452 3391 1795 3465 cecidisse
1837 3391 2207 3464 dicantur:
2249 3391 2594 3484 quoniam
2635 3393 2920 3464 nullum
2961 3394 3197 3467 maius

847 3510 1151 3603 bonum,
1206 3512 1491 3583 nullum
1544 3510 1830 3583 dulcius
1882 3511 2060 3584 dare
2111 3518 2420 3604 poterat.
2469 3512 2816 3586 Naturale
2852 3514 3047 3586 enim
3086 3522 3196 3588 est

845 3631 1046 3703 omni
1091 3630 1366 3703 homini
1414 3630 1602 3705 allici
1649 3631 2002 3704 libertatis
2029 3651 2335 3723 amore3
2374 3631 2537 3704 ideo
2571 3631 2760 3705 bene
2795 3633 2972 3707 Cato
3009 3634 3193 3707 liber

848 3753 1073 3825 homo
1109 3759 1324 3838 natus
1359 3751 1433 3825 in
1468 3751 1697 3826 libera
1724 3751 2019 3824 civitate
2054 3750 2319 3823 merito
2355 3751 2614 3825 oderat
2648 3753 3036 3846 Caesarem,
3066 3753 3194 3846 qui

849 3871 1266 3947 libertatem
1321 3871 1895 3966 quingentorum
1948 3891 2316 3944 annorum
2369 3871 2772 3946 abstulerat
2811 3874 2902 3947 de
2936 3875 3191 3948 Roma.

842 3992 1259 4065 Notandum
1313 3990 1560 4084 etiam,
1614 3990 1812 4083 quod
1866 4010 2045 4063 vera
2103 3990 2399 4064 libertas
2464 4013 2843 4085 nunquam
2898 3993 3193 4066 inventa

843 4117 973 4202 est,
1029 4117 1102 4182 et
1154 4131 1521 4203 nusquam
1575 4130 1712 4183 nec
1762 4109 1958 4203 apud
2012 4130 2380 4205 romanOS,
2436 4131 2572 4184 nec
2634 4112 2826 4204 apud
2882 4132 3191 4208 graeCOS,

841 4232 916 4301 et
978 4227 1212 4300 multo
1282 4228 1524 4301 minus
1594 4229 1790 4324 apud
1874 4229 2054 4302 alios
2122 4232 2452 4325 populos,
2515 4236 2763 4304 tamen
2819 4252 3192 4307 romanus

842 4346 979 4419 fuit
1031 4347 1326 4421 liberior
1362 4349 1638 4422 cunctis
1673 4355 1747 4422 et
1788 4349 2098 4443 diutius3
2137 4357 2212 4422 et
2252 4352 2492 4426 omnis
2525 4353 2859 4447 populuS,
2897 4354 3188 4445 quando

969 4614 1028 4676 (¹)
1062 4618 1169 4674 117,
1204 4614 1543 4678 ingloriosum
1578 4629 1720 4668 vero.
