<?xml version="1.0" encoding="UTF-8"?>
<!DOCTYPE html PUBLIC "-//W3C//DTD XHTML 1.0 Transitional//EN"
    "http://www.w3.org/TR/xhtml1/DTD/xhtml1-transitional.dtd">
<html xmlns="http://www.w3.org/1999/xhtml" xml:lang="en" lang="en">
 <head>
  <title>
</title>
<meta http-equiv="Content-Type" content="text/html;charset=utf-8" />
  <meta name='ocr-system' content='tesseract 3.04.00' />
  <meta name='ocr-capabilities' content='ocr_page ocr_carea ocr_par ocr_line ocrx_word'/>
</head>
<body>
  <div class='ocr_page' id='page_1' title='image "benvenutideramb00lacagoog_0439.png"; bbox 0 0 3704 5559; ppageno 0'>
   <div class='ocr_carea' id='block_1_1' title="bbox 1205 504 2858 566">
    <p class='ocr_par' dir='ltr' id='par_1_1' title="bbox 1205 504 2858 566">
     <span class='ocr_line' id='line_1_1' title="bbox 1205 504 2858 566; baseline 0.001 -1"><span class='ocrx_word' id='word_1_1' title='bbox 1205 511 1479 565; x_wconf 79' lang='lat' dir='ltr'>CANTUS</span> <span class='ocrx_word' id='word_1_2' title='bbox 1528 510 1843 565; x_wconf 82' lang='lat' dir='ltr'>DECIMUS</span> <span class='ocrx_word' id='word_1_3' title='bbox 1892 510 2180 566; x_wconf 77' lang='lat' dir='ltr'><strong>SEXTUS.</strong></span> <span class='ocrx_word' id='word_1_4' title='bbox 2717 504 2858 566; x_wconf 73' lang='grc'>427</span> 
     </span>
    </p>
   </div>
   <div class='ocr_carea' id='block_1_2' title="bbox 513 654 2870 4470">
    <p class='ocr_par' dir='ltr' id='par_1_2' title="bbox 513 654 2870 4470">
     <span class='ocr_line' id='line_1_2' title="bbox 514 654 2862 752; baseline -0.001 -19"><span class='ocrx_word' id='word_1_5' title='bbox 514 680 652 752; x_wconf 82' lang='lat' dir='ltr'>ea3</span> <span class='ocrx_word' id='word_1_6' title='bbox 706 657 939 730; x_wconf 91' lang='lat' dir='ltr'>iratus</span> <span class='ocrx_word' id='word_1_7' title='bbox 974 675 1153 729; x_wconf 89' lang='lat' dir='ltr'>vero</span> <span class='ocrx_word' id='word_1_8' title='bbox 1188 654 1357 729; x_wconf 90' lang='lat' dir='ltr'>licet</span> <span class='ocrx_word' id='word_1_9' title='bbox 1393 655 1702 730; x_wconf 90' lang='lat' dir='ltr'>retineat</span> <span class='ocrx_word' id='word_1_10' title='bbox 1734 655 1989 729; x_wconf 91' lang='lat' dir='ltr'>lumen</span> <span class='ocrx_word' id='word_1_11' title='bbox 2024 655 2372 749; x_wconf 79' lang='lat' dir='ltr'>corporiS‚</span> <span class='ocrx_word' id='word_1_12' title='bbox 2412 662 2660 730; x_wconf 88' lang='lat' dir='ltr'>tamen</span> <span class='ocrx_word' id='word_1_13' title='bbox 2693 678 2862 752; x_wconf 92' lang='lat' dir='ltr'>per-</span> 
     </span>
     <span class='ocr_line' id='line_1_3' title="bbox 513 775 2861 853; baseline -0.001 0"><span class='ocrx_word' id='word_1_14' title='bbox 513 779 616 853; x_wconf 87' lang='lat' dir='ltr'>dit</span> <span class='ocrx_word' id='word_1_15' title='bbox 667 778 921 851; x_wconf 93' lang='lat' dir='ltr'>lumen</span> <span class='ocrx_word' id='word_1_16' title='bbox 985 775 1303 849; x_wconf 78' lang='lat' dir='ltr'>rationis,</span> <span class='ocrx_word' id='word_1_17' title='bbox 1358 776 1612 851; x_wconf 87' lang='lat' dir='ltr'>Caecus</span> <span class='ocrx_word' id='word_1_18' title='bbox 1671 775 1893 850; x_wconf 92' lang='lat' dir='ltr'>etiam</span> <span class='ocrx_word' id='word_1_19' title='bbox 1958 775 2269 849; x_wconf 86' lang='lat' dir='ltr'><strong>incurrit</strong></span> <span class='ocrx_word' id='word_1_20' title='bbox 2326 776 2679 850; x_wconf 92' lang='lat' dir='ltr'>damnum</span> <span class='ocrx_word' id='word_1_21' title='bbox 2745 779 2861 853; x_wconf 90' lang='lat' dir='ltr'>vel</span> 
     </span>
     <span class='ocr_line' id='line_1_4' title="bbox 518 894 2863 992; baseline 0 -21"><span class='ocrx_word' id='word_1_22' title='bbox 518 904 834 972; x_wconf 91' lang='lat' dir='ltr'>mortem</span> <span class='ocrx_word' id='word_1_23' title='bbox 890 896 1316 992; x_wconf 79' lang='lat' dir='ltr'>ignoranter</span> <span class='ocrx_word' id='word_1_24' title='bbox 1366 902 1441 971; x_wconf 93' lang='lat' dir='ltr'>et</span> <span class='ocrx_word' id='word_1_25' title='bbox 1490 896 1861 990; x_wconf 91' lang='lat' dir='ltr'>dolenter;</span> <span class='ocrx_word' id='word_1_26' title='bbox 1913 896 2042 969; x_wconf 90' lang='lat' dir='ltr'>sed</span> <span class='ocrx_word' id='word_1_27' title='bbox 2107 894 2337 969; x_wconf 89' lang='lat' dir='ltr'>iratus</span> <span class='ocrx_word' id='word_1_28' title='bbox 2398 896 2564 971; x_wconf 84' lang='lat' dir='ltr'>serit</span> <span class='ocrx_word' id='word_1_29' title='bbox 2614 903 2687 971; x_wconf 91' lang='lat' dir='ltr'>et</span> <span class='ocrx_word' id='word_1_30' title='bbox 2738 918 2863 971; x_wconf 90' lang='lat' dir='ltr'>oc-</span> 
     </span>
     <span class='ocr_line' id='line_1_5' title="bbox 514 1016 2859 1111; baseline -0.001 -18"><span class='ocrx_word' id='word_1_31' title='bbox 514 1018 687 1093; x_wconf 91' lang='lat' dir='ltr'>cidit</span> <span class='ocrx_word' id='word_1_32' title='bbox 736 1017 914 1090; x_wconf 88' lang='lat' dir='ltr'>alios</span> <span class='ocrx_word' id='word_1_33' title='bbox 968 1023 1042 1088; x_wconf 87' lang='lat' dir='ltr'>et</span> <span class='ocrx_word' id='word_1_34' title='bbox 1091 1035 1174 1090; x_wconf 90' lang='lat' dir='ltr'>se</span> <span class='ocrx_word' id='word_1_35' title='bbox 1223 1016 1538 1091; x_wconf 82' lang='lat' dir='ltr'>scienter</span> <span class='ocrx_word' id='word_1_36' title='bbox 1596 1022 1671 1091; x_wconf 91' lang='lat' dir='ltr'>et</span> <span class='ocrx_word' id='word_1_37' title='bbox 1732 1016 2044 1091; x_wconf 87' lang='lat' dir='ltr'>libenter</span> <span class='ocrx_word' id='word_1_38' title='bbox 2103 1022 2400 1110; x_wconf 90' lang='lat' dir='ltr'>propter</span> <span class='ocrx_word' id='word_1_39' title='bbox 2458 1018 2859 1111; x_wconf 88' lang='lat' dir='ltr'>appetitum</span> 
     </span>
     <span class='ocr_line' id='line_1_6' title="bbox 517 1137 2861 1231; baseline -0 -18"><span class='ocrx_word' id='word_1_40' title='bbox 517 1138 873 1230; x_wconf 83' lang='lat' dir='ltr'>vindictae‚</span> <span class='ocrx_word' id='word_1_41' title='bbox 926 1137 1115 1211; x_wconf 92' lang='lat' dir='ltr'>sicut</span> <span class='ocrx_word' id='word_1_42' title='bbox 1164 1137 1412 1211; x_wconf 90' lang='lat' dir='ltr'>scribit</span> <span class='ocrx_word' id='word_1_43' title='bbox 1461 1137 1706 1211; x_wconf 91' lang='lat' dir='ltr'>Livius</span> <span class='ocrx_word' id='word_1_44' title='bbox 1740 1138 1832 1212; x_wconf 96' lang='lat' dir='ltr'>de</span> <span class='ocrx_word' id='word_1_45' title='bbox 1867 1137 2237 1229; x_wconf 86' lang='lat' dir='ltr'>Romanis,</span> <span class='ocrx_word' id='word_1_46' title='bbox 2280 1138 2406 1231; x_wconf 91' lang='lat' dir='ltr'>qui</span> <span class='ocrx_word' id='word_1_47' title='bbox 2443 1158 2614 1210; x_wconf 93' lang='lat' dir='ltr'>cum</span> <span class='ocrx_word' id='word_1_48' title='bbox 2661 1145 2861 1212; x_wconf 89' lang='lat' dir='ltr'>tanta</span> 
     </span>
     <span class='ocr_line' id='line_1_7' title="bbox 516 1256 2863 1353; baseline -0 -21"><span class='ocrx_word' id='word_1_49' title='bbox 516 1258 627 1332; x_wconf 89' lang='lat' dir='ltr'>ira</span> <span class='ocrx_word' id='word_1_50' title='bbox 679 1263 753 1331; x_wconf 91' lang='lat' dir='ltr'>et</span> <span class='ocrx_word' id='word_1_51' title='bbox 800 1256 967 1331; x_wconf 92' lang='lat' dir='ltr'>odio</span> <span class='ocrx_word' id='word_1_52' title='bbox 1019 1262 1538 1353; x_wconf 90' lang='lat' dir='ltr'>pugnaverunt</span> <span class='ocrx_word' id='word_1_53' title='bbox 1590 1264 1846 1331; x_wconf 88' lang='lat' dir='ltr'>contra</span> <span class='ocrx_word' id='word_1_54' title='bbox 1900 1256 2285 1350; x_wconf 81' lang='lat' dir='ltr'>Samnites,</span> <span class='ocrx_word' id='word_1_55' title='bbox 2322 1277 2366 1328; x_wconf 89' lang='lat' dir='ltr'>a</span> <span class='ocrx_word' id='word_1_56' title='bbox 2421 1257 2688 1349; x_wconf 89' lang='lat' dir='ltr'>quibus</span> <span class='ocrx_word' id='word_1_57' title='bbox 2740 1277 2863 1331; x_wconf 90' lang='lat' dir='ltr'>re-</span> 
     </span>
     <span class='ocr_line' id='line_1_8' title="bbox 517 1375 2862 1472; baseline -0.002 -19"><span class='ocrx_word' id='word_1_58' title='bbox 517 1382 865 1470; x_wconf 84' lang='lat' dir='ltr'>ceperant</span> <span class='ocrx_word' id='word_1_59' title='bbox 913 1375 1471 1472; x_wconf 81' lang='lat' dir='ltr'>ignominiosam</span> <span class='ocrx_word' id='word_1_60' title='bbox 1526 1376 1894 1470; x_wconf 87' lang='lat' dir='ltr'>iniuriam,</span> <span class='ocrx_word' id='word_1_61' title='bbox 1920 1375 2133 1470; x_wconf 41' lang='lat' dir='ltr'>*quod</span> <span class='ocrx_word' id='word_1_62' title='bbox 2166 1376 2359 1449; x_wconf 91' lang='lat' dir='ltr'>oculi</span> <span class='ocrx_word' id='word_1_63' title='bbox 2413 1396 2676 1449; x_wconf 88' lang='lat' dir='ltr'>eorum</span> <span class='ocrx_word' id='word_1_64' title='bbox 2728 1376 2862 1449; x_wconf 92' lang='lat' dir='ltr'>visi</span> 
     </span>
     <span class='ocr_line' id='line_1_9' title="bbox 516 1496 2862 1591; baseline -0 -19"><span class='ocrx_word' id='word_1_65' title='bbox 516 1504 688 1572; x_wconf 92' lang='lat' dir='ltr'>sunt</span> <span class='ocrx_word' id='word_1_66' title='bbox 737 1497 1002 1572; x_wconf 87' lang='lat' dir='ltr'>ardere</span> <span class='ocrx_word' id='word_1_67' title='bbox 1056 1496 1128 1569; x_wconf 91' lang='lat' dir='ltr'>in</span> <span class='ocrx_word' id='word_1_68' title='bbox 1180 1496 1464 1590; x_wconf 66' lang='lat' dir='ltr'>proelio,</span> <span class='ocrx_word' id='word_1_69' title='bbox 1501 1504 1576 1570; x_wconf 89' lang='lat' dir='ltr'>et</span> <span class='ocrx_word' id='word_1_70' title='bbox 1609 1502 1772 1591; x_wconf 89' lang='lat' dir='ltr'>post</span> <span class='ocrx_word' id='word_1_71' title='bbox 1821 1496 2204 1570; x_wconf 90' lang='lat' dir='ltr'>victoriam</span> <span class='ocrx_word' id='word_1_72' title='bbox 2259 1497 2532 1570; x_wconf 83' lang='lat' dir='ltr'>furiose</span> <span class='ocrx_word' id='word_1_73' title='bbox 2584 1496 2862 1571; x_wconf 84' lang='lat' dir='ltr'>interfi-</span> 
     </span>
     <span class='ocr_line' id='line_1_10' title="bbox 517 1615 2861 1710; baseline -0.002 -18"><span class='ocrx_word' id='word_1_74' title='bbox 517 1618 804 1693; x_wconf 89' lang='lat' dir='ltr'>ciebant</span> <span class='ocrx_word' id='word_1_75' title='bbox 856 1637 1086 1710; x_wconf 89' lang='lat' dir='ltr'>equos</span> <span class='ocrx_word' id='word_1_76' title='bbox 1137 1623 1211 1691; x_wconf 92' lang='lat' dir='ltr'>et</span> <span class='ocrx_word' id='word_1_77' title='bbox 1260 1616 1401 1690; x_wconf 92' lang='lat' dir='ltr'>alia</span> <span class='ocrx_word' id='word_1_78' title='bbox 1452 1615 1816 1689; x_wconf 91' lang='lat' dir='ltr'>animalia.</span> <span class='ocrx_word' id='word_1_79' title='bbox 1855 1617 1940 1689; x_wconf 91' lang='lat' dir='ltr'>Et</span> <span class='ocrx_word' id='word_1_80' title='bbox 1975 1616 2183 1692; x_wconf 90' lang='lat' dir='ltr'>dicit:</span> <span class='ocrx_word' id='word_1_81' title='bbox 2222 1617 2324 1690; x_wconf 91' lang='lat' dir='ltr'>sic</span> <span class='ocrx_word' id='word_1_82' title='bbox 2377 1616 2597 1709; x_wconf 88' lang='lat' dir='ltr'>ibam,</span> <span class='ocrx_word' id='word_1_83' title='bbox 2631 1619 2861 1688; x_wconf 78' lang='lat' dir='ltr'>ascol-</span> 
     </span>
     <span class='ocr_line' id='line_1_11' title="bbox 519 1735 2862 1831; baseline -0.001 -21"><span class='ocrx_word' id='word_1_84' title='bbox 519 1738 734 1810; x_wconf 85' lang='lat' dir='ltr'>tando</span> <span class='ocrx_word' id='word_1_85' title='bbox 793 1739 849 1809; x_wconf 90' lang='lat' dir='ltr'>il</span> <span class='ocrx_word' id='word_1_86' title='bbox 908 1738 1047 1808; x_wconf 89' lang='lat' dir='ltr'>mio</span> <span class='ocrx_word' id='word_1_87' title='bbox 1103 1738 1312 1827; x_wconf 82' lang='lat' dir='ltr'>duca,</span> <span class='ocrx_word' id='word_1_88' title='bbox 1375 1735 1646 1810; x_wconf 90' lang='lat' dir='ltr'>scilicet</span> <span class='ocrx_word' id='word_1_89' title='bbox 1703 1735 2110 1831; x_wconf 85' lang='lat' dir='ltr'>Virgilium,</span> <span class='ocrx_word' id='word_1_90' title='bbox 2165 1736 2291 1830; x_wconf 90' lang='lat' dir='ltr'>qui</span> <span class='ocrx_word' id='word_1_91' title='bbox 2351 1735 2556 1809; x_wconf 92' lang='lat' dir='ltr'>velut</span> <span class='ocrx_word' id='word_1_92' title='bbox 2622 1735 2862 1808; x_wconf 86' lang='lat' dir='ltr'>bonus</span> 
     </span>
     <span class='ocr_line' id='line_1_12' title="bbox 517 1854 2859 1931; baseline -0.001 0"><span class='ocrx_word' id='word_1_93' title='bbox 517 1857 667 1931; x_wconf 84' lang='lat' dir='ltr'>dux</span> <span class='ocrx_word' id='word_1_94' title='bbox 720 1877 866 1930; x_wconf 92' lang='lat' dir='ltr'>non</span> <span class='ocrx_word' id='word_1_95' title='bbox 916 1862 1303 1931; x_wconf 89' lang='lat' dir='ltr'>contentus</span> <span class='ocrx_word' id='word_1_96' title='bbox 1362 1855 1960 1930; x_wconf 84' lang='lat' dir='ltr'>accommodasse</span> <span class='ocrx_word' id='word_1_97' title='bbox 2023 1855 2198 1928; x_wconf 89' lang='lat' dir='ltr'>mihi</span> <span class='ocrx_word' id='word_1_98' title='bbox 2265 1856 2667 1929; x_wconf 89' lang='lat' dir='ltr'>humerum</span> <span class='ocrx_word' id='word_1_99' title='bbox 2729 1854 2859 1928; x_wconf 85' lang='lat' dir='ltr'>ad-</span> 
     </span>
     <span class='ocr_line' id='line_1_13' title="bbox 518 1974 2863 2069; baseline -0.001 -21"><span class='ocrx_word' id='word_1_100' title='bbox 518 1976 865 2050; x_wconf 92' lang='lat' dir='ltr'>monebat</span> <span class='ocrx_word' id='word_1_101' title='bbox 916 1996 1038 2049; x_wconf 93' lang='lat' dir='ltr'>me</span> <span class='ocrx_word' id='word_1_102' title='bbox 1102 1977 1367 2069; x_wconf 89' lang='lat' dir='ltr'>verbo;</span> <span class='ocrx_word' id='word_1_103' title='bbox 1430 1974 1629 2048; x_wconf 94' lang='lat' dir='ltr'>unde</span> <span class='ocrx_word' id='word_1_104' title='bbox 1677 1974 1886 2049; x_wconf 90' lang='lat' dir='ltr'>dicit:</span> <span class='ocrx_word' id='word_1_105' title='bbox 1938 1976 2060 2048; x_wconf 76' lang='lat' dir='ltr'>che</span> <span class='ocrx_word' id='word_1_106' title='bbox 2106 1977 2331 2066; x_wconf 82' lang='lat' dir='ltr'>dicea,</span> <span class='ocrx_word' id='word_1_107' title='bbox 2383 1975 2479 2047; x_wconf 84' lang='lat' dir='ltr'>fili</span> <span class='ocrx_word' id='word_1_108' title='bbox 2546 1974 2673 2068; x_wconf 88' lang='lat' dir='ltr'>mi,</span> <span class='ocrx_word' id='word_1_109' title='bbox 2719 1995 2863 2066; x_wconf 85' lang='lat' dir='ltr'>pur</span> 
     </span>
     <span class='ocr_line' id='line_1_14' title="bbox 517 2094 2863 2188; baseline 0.001 -21"><span class='ocrx_word' id='word_1_110' title='bbox 517 2098 831 2186; x_wconf 69' lang='lat' dir='ltr'>quarela,</span> <span class='ocrx_word' id='word_1_111' title='bbox 872 2098 991 2167; x_wconf 81' lang='lat' dir='ltr'>che</span> <span class='ocrx_word' id='word_1_112' title='bbox 1039 2099 1136 2169; x_wconf 86' lang='lat' dir='ltr'>da</span> <span class='ocrx_word' id='word_1_113' title='bbox 1185 2117 1293 2168; x_wconf 83' lang='lat' dir='ltr'>me</span> <span class='ocrx_word' id='word_1_114' title='bbox 1342 2103 1412 2168; x_wconf 81' lang='lat' dir='ltr'>lu</span> <span class='ocrx_word' id='word_1_115' title='bbox 1462 2116 1608 2167; x_wconf 82' lang='lat' dir='ltr'>non</span> <span class='ocrx_word' id='word_1_116' title='bbox 1656 2097 1744 2166; x_wconf 81' lang='lat' dir='ltr'>sii</span> <span class='ocrx_word' id='word_1_117' title='bbox 1794 2115 2046 2167; x_wconf 82' lang='lat' dir='ltr'>mozzo</span> <span class='ocrx_word' id='word_1_118' title='bbox 2064 2121 2096 2187; x_wconf 87' lang='lat'>,·</span> <span class='ocrx_word' id='word_1_119' title='bbox 2147 2094 2357 2188; x_wconf 88' lang='lat' dir='ltr'>quasi</span> <span class='ocrx_word' id='word_1_120' title='bbox 2398 2094 2627 2168; x_wconf 90' lang='lat' dir='ltr'>dicat:</span> <span class='ocrx_word' id='word_1_121' title='bbox 2680 2114 2863 2170; x_wconf 88' lang='lat' dir='ltr'>cave</span> 
     </span>
     <span class='ocr_line' id='line_1_15' title="bbox 520 2212 2864 2310; baseline -0.001 -21"><span class='ocrx_word' id='word_1_122' title='bbox 520 2235 617 2289; x_wconf 92' lang='lat' dir='ltr'>ne</span> <span class='ocrx_word' id='word_1_123' title='bbox 665 2215 775 2287; x_wconf 93' lang='lat' dir='ltr'>ira</span> <span class='ocrx_word' id='word_1_124' title='bbox 828 2215 1144 2290; x_wconf 87' lang='lat' dir='ltr'>violenta</span> <span class='ocrx_word' id='word_1_125' title='bbox 1195 2236 1499 2310; x_wconf 89' lang='lat' dir='ltr'>quoquo</span> <span class='ocrx_word' id='word_1_126' title='bbox 1553 2214 1771 2289; x_wconf 90' lang='lat' dir='ltr'>modo</span> <span class='ocrx_word' id='word_1_127' title='bbox 1822 2219 2114 2309; x_wconf 87' lang='lat' dir='ltr'>separet</span> <span class='ocrx_word' id='word_1_128' title='bbox 2156 2219 2229 2288; x_wconf 88' lang='lat' dir='ltr'>te</span> <span class='ocrx_word' id='word_1_129' title='bbox 2262 2234 2307 2286; x_wconf 97' lang='lat' dir='ltr'>a</span> <span class='ocrx_word' id='word_1_130' title='bbox 2344 2233 2490 2306; x_wconf 89' lang='lat' dir='ltr'>me,</span> <span class='ocrx_word' id='word_1_131' title='bbox 2527 2212 2702 2307; x_wconf 88' lang='lat' dir='ltr'>quia</span> <span class='ocrx_word' id='word_1_132' title='bbox 2756 2212 2864 2287; x_wconf 80' lang='lat' dir='ltr'>fa-</span> 
     </span>
     <span class='ocr_line' id='line_1_16' title="bbox 519 2327 2863 2429; baseline -0.001 -21"><span class='ocrx_word' id='word_1_133' title='bbox 519 2334 752 2408; x_wconf 90' lang='lat' dir='ltr'>ciliter</span> <span class='ocrx_word' id='word_1_134' title='bbox 777 2327 850 2426; x_wconf 79' lang='lat'>(¹)</span> <span class='ocrx_word' id='word_1_135' title='bbox 906 2340 980 2409; x_wconf 95' lang='lat' dir='ltr'>et</span> <span class='ocrx_word' id='word_1_136' title='bbox 1046 2334 1190 2409; x_wconf 91' lang='lat' dir='ltr'>cito</span> <span class='ocrx_word' id='word_1_137' title='bbox 1251 2354 1500 2429; x_wconf 91' lang='lat' dir='ltr'>posses</span> <span class='ocrx_word' id='word_1_138' title='bbox 1560 2335 1870 2428; x_wconf 89' lang='lat' dir='ltr'>perdere</span> <span class='ocrx_word' id='word_1_139' title='bbox 1922 2353 2066 2427; x_wconf 87' lang='lat' dir='ltr'>me,</span> <span class='ocrx_word' id='word_1_140' title='bbox 2118 2339 2193 2408; x_wconf 92' lang='lat' dir='ltr'>et</span> <span class='ocrx_word' id='word_1_141' title='bbox 2253 2332 2459 2408; x_wconf 89' lang='lat' dir='ltr'>tarde</span> <span class='ocrx_word' id='word_1_142' title='bbox 2501 2333 2616 2407; x_wconf 91' lang='lat' dir='ltr'>vel</span> <span class='ocrx_word' id='word_1_143' title='bbox 2671 2353 2863 2405; x_wconf 91' lang='lat' dir='ltr'>nun-</span> 
     </span>
     <span class='ocr_line' id='line_1_17' title="bbox 519 2452 2865 2549; baseline -0.001 -22"><span class='ocrx_word' id='word_1_144' title='bbox 519 2475 744 2549; x_wconf 91' lang='lat' dir='ltr'>quam</span> <span class='ocrx_word' id='word_1_145' title='bbox 785 2454 1217 2529; x_wconf 89' lang='lat' dir='ltr'>reinvenire.</span> <span class='ocrx_word' id='word_1_146' title='bbox 1236 2459 1431 2527; x_wconf 92' lang='lat' dir='ltr'>—Io</span> <span class='ocrx_word' id='word_1_147' title='bbox 1453 2458 1695 2528; x_wconf 81' lang='lat' dir='ltr'>sentia.</span> <span class='ocrx_word' id='word_1_148' title='bbox 1725 2455 1784 2527; x_wconf 91' lang='lat' dir='ltr'>N</span> <span class='ocrx_word' id='word_1_149' title='bbox 1793 2473 1936 2527; x_wconf 92' lang='lat' dir='ltr'>unc</span> <span class='ocrx_word' id='word_1_150' title='bbox 1967 2460 2183 2548; x_wconf 90' lang='lat' dir='ltr'>poeta</span> <span class='ocrx_word' id='word_1_151' title='bbox 2217 2452 2558 2527; x_wconf 90' lang='lat' dir='ltr'>describit</span> <span class='ocrx_word' id='word_1_152' title='bbox 2589 2452 2865 2526; x_wconf 89' lang='lat' dir='ltr'>oratio-</span> 
     </span>
     <span class='ocr_line' id='line_1_18' title="bbox 519 2571 2866 2667; baseline -0.002 -20"><span class='ocrx_word' id='word_1_153' title='bbox 519 2594 687 2649; x_wconf 91' lang='lat' dir='ltr'>nem</span> <span class='ocrx_word' id='word_1_154' title='bbox 729 2574 1072 2648; x_wconf 87' lang='lat' dir='ltr'>devotam</span> <span class='ocrx_word' id='word_1_155' title='bbox 1108 2573 1657 2667; x_wconf 87' lang='lat' dir='ltr'>iracundorum‚</span> <span class='ocrx_word' id='word_1_156' title='bbox 1694 2580 1769 2648; x_wconf 92' lang='lat' dir='ltr'>et</span> <span class='ocrx_word' id='word_1_157' title='bbox 1800 2573 2003 2646; x_wconf 89' lang='lat' dir='ltr'>clare</span> <span class='ocrx_word' id='word_1_158' title='bbox 2046 2571 2237 2664; x_wconf 84' lang='lat' dir='ltr'>dicit,</span> <span class='ocrx_word' id='word_1_159' title='bbox 2274 2572 2473 2666; x_wconf 91' lang='lat' dir='ltr'>quod</span> <span class='ocrx_word' id='word_1_160' title='bbox 2521 2571 2866 2666; x_wconf 90' lang='lat' dir='ltr'>petebant</span> 
     </span>
     <span class='ocr_line' id='line_1_19' title="bbox 517 2692 2865 2789; baseline -0.001 -21"><span class='ocrx_word' id='word_1_161' title='bbox 517 2699 592 2768; x_wconf 92' lang='lat' dir='ltr'>et</span> <span class='ocrx_word' id='word_1_162' title='bbox 626 2694 1052 2789; x_wconf 89' lang='lat' dir='ltr'>repetebant</span> <span class='ocrx_word' id='word_1_163' title='bbox 1095 2700 1338 2787; x_wconf 61' lang='lat' dir='ltr'>Agnus</span> <span class='ocrx_word' id='word_1_164' title='bbox 1370 2698 1503 2767; x_wconf 80' lang='lat' dir='ltr'>Dei</span> <span class='ocrx_word' id='word_1_165' title='bbox 1526 2720 1549 2767; x_wconf 92' lang='lat'>.·</span> <span class='ocrx_word' id='word_1_166' title='bbox 1600 2694 1729 2769; x_wconf 93' lang='lat' dir='ltr'>sed</span> <span class='ocrx_word' id='word_1_167' title='bbox 1778 2693 1972 2767; x_wconf 89' lang='lat' dir='ltr'>dices</span> <span class='ocrx_word' id='word_1_168' title='bbox 2024 2692 2292 2787; x_wconf 83' lang='lat' dir='ltr'>forsan,</span> <span class='ocrx_word' id='word_1_169' title='bbox 2326 2692 2579 2787; x_wconf 89' lang='lat' dir='ltr'>lector,</span> <span class='ocrx_word' id='word_1_170' title='bbox 2628 2711 2865 2788; x_wconf 90' lang='lat' dir='ltr'>quare</span> 
     </span>
     <span class='ocr_line' id='line_1_20' title="bbox 520 2805 2860 2910; baseline -0.001 -24"><span class='ocrx_word' id='word_1_171' title='bbox 520 2814 658 2888; x_wconf 91' lang='lat' dir='ltr'>hoc</span> <span class='ocrx_word' id='word_1_172' title='bbox 694 2805 820 2905; x_wconf 72' lang='lat' dir='ltr'>(²)‘l</span> <span class='ocrx_word' id='word_1_173' title='bbox 851 2814 1052 2908; x_wconf 80' lang='lat' dir='ltr'>DicO,</span> <span class='ocrx_word' id='word_1_174' title='bbox 1090 2814 1288 2909; x_wconf 91' lang='lat' dir='ltr'>quod</span> <span class='ocrx_word' id='word_1_175' title='bbox 1322 2836 1466 2889; x_wconf 90' lang='lat' dir='ltr'>non</span> <span class='ocrx_word' id='word_1_176' title='bbox 1509 2815 1666 2889; x_wconf 88' lang='lat' dir='ltr'>sine</span> <span class='ocrx_word' id='word_1_177' title='bbox 1700 2833 1974 2910; x_wconf 90' lang='lat' dir='ltr'>magno</span> <span class='ocrx_word' id='word_1_178' title='bbox 2008 2812 2410 2887; x_wconf 90' lang='lat' dir='ltr'>ministerio</span> <span class='ocrx_word' id='word_1_179' title='bbox 2442 2813 2582 2886; x_wconf 90' lang='lat' dir='ltr'>hoc</span> <span class='ocrx_word' id='word_1_180' title='bbox 2632 2811 2860 2909; x_wconf 88' lang='lat' dir='ltr'>fingit.</span> 
     </span>
     <span class='ocr_line' id='line_1_21' title="bbox 521 2931 2865 3029; baseline -0 -24"><span class='ocrx_word' id='word_1_181' title='bbox 521 2933 631 3006; x_wconf 85' lang='lat' dir='ltr'>Ad</span> <span class='ocrx_word' id='word_1_182' title='bbox 682 2933 879 3027; x_wconf 91' lang='lat' dir='ltr'>quod</span> <span class='ocrx_word' id='word_1_183' title='bbox 937 2935 1106 3008; x_wconf 91' lang='lat' dir='ltr'>volo</span> <span class='ocrx_word' id='word_1_184' title='bbox 1167 2941 1240 3010; x_wconf 88' lang='lat' dir='ltr'>te</span> <span class='ocrx_word' id='word_1_185' title='bbox 1300 2935 1510 3026; x_wconf 86' lang='lat' dir='ltr'>scire,</span> <span class='ocrx_word' id='word_1_186' title='bbox 1572 2934 1792 3029; x_wconf 85' lang='lat' dir='ltr'>quod,</span> <span class='ocrx_word' id='word_1_187' title='bbox 1845 2933 2034 3008; x_wconf 92' lang='lat' dir='ltr'>sicut</span> <span class='ocrx_word' id='word_1_188' title='bbox 2092 2931 2342 3007; x_wconf 87' lang='lat' dir='ltr'>scribit</span> <span class='ocrx_word' id='word_1_189' title='bbox 2398 2931 2865 3026; x_wconf 85' lang='lat' dir='ltr'>philosophus</span> 
     </span>
     <span class='ocr_line' id='line_1_22' title="bbox 521 3051 2867 3149; baseline -0 -25"><span class='ocrx_word' id='word_1_190' title='bbox 521 3052 580 3125; x_wconf 92' lang='lat' dir='ltr'>Il</span> <span class='ocrx_word' id='word_1_191' title='bbox 630 3053 1215 3149; x_wconf 88' lang='lat' dir='ltr'>Rhetoricorum,</span> <span class='ocrx_word' id='word_1_192' title='bbox 1258 3055 1469 3128; x_wconf 91' lang='lat' dir='ltr'>multi</span> <span class='ocrx_word' id='word_1_193' title='bbox 1522 3059 1692 3128; x_wconf 90' lang='lat' dir='ltr'>sunt</span> <span class='ocrx_word' id='word_1_194' title='bbox 1745 3052 1941 3127; x_wconf 91' lang='lat' dir='ltr'>modi</span> <span class='ocrx_word' id='word_1_195' title='bbox 1991 3052 2262 3147; x_wconf 86' lang='lat' dir='ltr'>quibus</span> <span class='ocrx_word' id='word_1_196' title='bbox 2311 3057 2546 3146; x_wconf 88' lang='lat' dir='ltr'>potest</span> <span class='ocrx_word' id='word_1_197' title='bbox 2595 3051 2867 3145; x_wconf 90' lang='lat' dir='ltr'>placari</span> 
     </span>
     <span class='ocr_line' id='line_1_23' title="bbox 523 3164 2868 3271; baseline -0.001 -23"><span class='ocrx_word' id='word_1_198' title='bbox 523 3174 777 3270; x_wconf 80' lang='lat' dir='ltr'>iratuS‚</span> <span class='ocrx_word' id='word_1_199' title='bbox 815 3176 1006 3251; x_wconf 88' lang='lat' dir='ltr'>inter</span> <span class='ocrx_word' id='word_1_200' title='bbox 1042 3198 1227 3271; x_wconf 90' lang='lat' dir='ltr'>quos</span> <span class='ocrx_word' id='word_1_201' title='bbox 1266 3198 1458 3250; x_wconf 91' lang='lat' dir='ltr'>unus</span> <span class='ocrx_word' id='word_1_202' title='bbox 1492 3182 1602 3251; x_wconf 89' lang='lat' dir='ltr'>est</span> <span class='ocrx_word' id='word_1_203' title='bbox 1642 3174 2061 3271; x_wconf 88' lang='lat' dir='ltr'>potissimus</span> <span class='ocrx_word' id='word_1_204' title='bbox 2079 3164 2182 3268; x_wconf 58' lang='grc' dir='ltr'>(Β),</span> <span class='ocrx_word' id='word_1_205' title='bbox 2220 3172 2513 3268; x_wconf 90' lang='lat' dir='ltr'>quando</span> <span class='ocrx_word' id='word_1_206' title='bbox 2573 3171 2691 3246; x_wconf 90' lang='lat' dir='ltr'>ille</span> <span class='ocrx_word' id='word_1_207' title='bbox 2739 3171 2868 3265; x_wconf 91' lang='lat' dir='ltr'>qui</span> 
     </span>
     <span class='ocr_line' id='line_1_24' title="bbox 519 3291 2861 3390; baseline -0.003 -20"><span class='ocrx_word' id='word_1_208' title='bbox 519 3296 689 3372; x_wconf 82' lang='lat' dir='ltr'>fecit</span> <span class='ocrx_word' id='word_1_209' title='bbox 737 3297 1080 3371; x_wconf 91' lang='lat' dir='ltr'>iniuriam</span> <span class='ocrx_word' id='word_1_210' title='bbox 1118 3297 1455 3372; x_wconf 89' lang='lat' dir='ltr'>humiliat</span> <span class='ocrx_word' id='word_1_211' title='bbox 1489 3317 1570 3371; x_wconf 89' lang='lat' dir='ltr'>se</span> <span class='ocrx_word' id='word_1_212' title='bbox 1602 3296 1946 3390; x_wconf 88' lang='lat' dir='ltr'>iniuriam</span> <span class='ocrx_word' id='word_1_213' title='bbox 1975 3315 2210 3390; x_wconf 86' lang='lat' dir='ltr'>pass0‚</span> <span class='ocrx_word' id='word_1_214' title='bbox 2231 3301 2306 3369; x_wconf 90' lang='lat' dir='ltr'>et</span> <span class='ocrx_word' id='word_1_215' title='bbox 2333 3294 2624 3368; x_wconf 91' lang='lat' dir='ltr'>veniam</span> <span class='ocrx_word' id='word_1_216' title='bbox 2652 3291 2861 3388; x_wconf 91' lang='lat' dir='ltr'>petit:</span> 
     </span>
     <span class='ocr_line' id='line_1_25' title="bbox 524 3413 2869 3511; baseline -0.002 -22"><span class='ocrx_word' id='word_1_217' title='bbox 524 3415 718 3490; x_wconf 91' lang='lat' dir='ltr'>unde</span> <span class='ocrx_word' id='word_1_218' title='bbox 750 3416 941 3511; x_wconf 74' lang='lat' dir='ltr'>dicit,</span> <span class='ocrx_word' id='word_1_219' title='bbox 971 3416 1169 3510; x_wconf 91' lang='lat' dir='ltr'>quod</span> <span class='ocrx_word' id='word_1_220' title='bbox 1200 3417 1296 3490; x_wconf 93' lang='lat' dir='ltr'>ad</span> <span class='ocrx_word' id='word_1_221' title='bbox 1331 3416 1746 3491; x_wconf 85' lang='lat' dir='ltr'>humiliatos</span> <span class='ocrx_word' id='word_1_222' title='bbox 1780 3421 2014 3491; x_wconf 89' lang='lat' dir='ltr'>cesset</span> <span class='ocrx_word' id='word_1_223' title='bbox 2047 3415 2181 3509; x_wconf 87' lang='lat' dir='ltr'>ira,</span> <span class='ocrx_word' id='word_1_224' title='bbox 2220 3434 2441 3489; x_wconf 88' lang='lat' dir='ltr'>canes</span> <span class='ocrx_word' id='word_1_225' title='bbox 2474 3413 2869 3489; x_wconf 90' lang='lat' dir='ltr'>ostendunt</span> 
     </span>
     <span class='ocr_line' id='line_1_26' title="bbox 521 3534 2863 3631; baseline -0.002 -21"><span class='ocrx_word' id='word_1_226' title='bbox 521 3535 647 3631; x_wconf 88' lang='lat' dir='ltr'>qui</span> <span class='ocrx_word' id='word_1_227' title='bbox 682 3557 830 3610; x_wconf 91' lang='lat' dir='ltr'>non</span> <span class='ocrx_word' id='word_1_228' title='bbox 871 3535 1210 3612; x_wconf 91' lang='lat' dir='ltr'>mordent</span> <span class='ocrx_word' id='word_1_229' title='bbox 1259 3536 1686 3611; x_wconf 87' lang='lat' dir='ltr'>inclinantes</span> <span class='ocrx_word' id='word_1_230' title='bbox 1720 3556 1801 3610; x_wconf 91' lang='lat' dir='ltr'>se</span> <span class='ocrx_word' id='word_1_231' title='bbox 1832 3536 1987 3610; x_wconf 90' lang='lat' dir='ltr'>sibi.</span> <span class='ocrx_word' id='word_1_232' title='bbox 2025 3534 2235 3609; x_wconf 88' lang='lat' dir='ltr'>Modo</span> <span class='ocrx_word' id='word_1_233' title='bbox 2279 3535 2374 3609; x_wconf 89' lang='lat' dir='ltr'>ad</span> <span class='ocrx_word' id='word_1_234' title='bbox 2408 3534 2863 3629; x_wconf 90' lang='lat' dir='ltr'>propositum</span> 
     </span>
     <span class='ocr_line' id='line_1_27' title="bbox 520 3653 2864 3751; baseline -0.001 -23"><span class='ocrx_word' id='word_1_235' title='bbox 520 3655 637 3730; x_wconf 88' lang='lat' dir='ltr'>isti</span> <span class='ocrx_word' id='word_1_236' title='bbox 702 3655 1034 3731; x_wconf 88' lang='lat' dir='ltr'>iracundi</span> <span class='ocrx_word' id='word_1_237' title='bbox 1095 3662 1355 3751; x_wconf 91' lang='lat' dir='ltr'>petunt</span> <span class='ocrx_word' id='word_1_238' title='bbox 1415 3656 1702 3731; x_wconf 87' lang='lat' dir='ltr'>veniam</span> <span class='ocrx_word' id='word_1_239' title='bbox 1775 3655 2238 3729; x_wconf 89' lang='lat' dir='ltr'>humiliantes</span> <span class='ocrx_word' id='word_1_240' title='bbox 2298 3675 2379 3729; x_wconf 90' lang='lat' dir='ltr'>se</span> <span class='ocrx_word' id='word_1_241' title='bbox 2442 3655 2652 3750; x_wconf 78' lang='lat' dir='ltr'>Agno</span> <span class='ocrx_word' id='word_1_242' title='bbox 2711 3653 2864 3746; x_wconf 89' lang='lat' dir='ltr'>Dei,</span> 
     </span>
     <span class='ocr_line' id='line_1_28' title="bbox 523 3774 2863 3870; baseline -0.001 -20"><span class='ocrx_word' id='word_1_243' title='bbox 523 3796 749 3869; x_wconf 85' lang='lat' dir='ltr'>quem</span> <span class='ocrx_word' id='word_1_244' title='bbox 799 3783 1381 3870; x_wconf 85' lang='lat' dir='ltr'>provocaverant</span> <span class='ocrx_word' id='word_1_245' title='bbox 1423 3776 1515 3851; x_wconf 91' lang='lat' dir='ltr'>ad</span> <span class='ocrx_word' id='word_1_246' title='bbox 1553 3777 1739 3851; x_wconf 89' lang='lat' dir='ltr'>iram</span> <span class='ocrx_word' id='word_1_247' title='bbox 1778 3775 2197 3868; x_wconf 83' lang='lat' dir='ltr'>irascend03</span> <span class='ocrx_word' id='word_1_248' title='bbox 2235 3774 2361 3869; x_wconf 91' lang='lat' dir='ltr'>qui</span> <span class='ocrx_word' id='word_1_249' title='bbox 2413 3774 2667 3869; x_wconf 85' lang='lat' dir='ltr'>Agnus</span> <span class='ocrx_word' id='word_1_250' title='bbox 2716 3793 2863 3847; x_wconf 91' lang='lat' dir='ltr'>non</span> 
     </span>
     <span class='ocr_line' id='line_1_29' title="bbox 523 3890 2866 3987; baseline -0.001 -18"><span class='ocrx_word' id='word_1_251' title='bbox 523 3901 634 3969; x_wconf 87' lang='lat' dir='ltr'>est</span> <span class='ocrx_word' id='word_1_252' title='bbox 670 3894 899 3968; x_wconf 87' lang='lat' dir='ltr'>iratus</span> <span class='ocrx_word' id='word_1_253' title='bbox 936 3894 1414 3970; x_wconf 84' lang='lat' dir='ltr'>inferentibus</span> <span class='ocrx_word' id='word_1_254' title='bbox 1462 3897 1596 3970; x_wconf 86' lang='lat' dir='ltr'>sibi</span> <span class='ocrx_word' id='word_1_255' title='bbox 1641 3895 2040 3970; x_wconf 92' lang='lat' dir='ltr'>ludibrium</span> <span class='ocrx_word' id='word_1_256' title='bbox 2093 3899 2168 3968; x_wconf 94' lang='lat' dir='ltr'>et</span> <span class='ocrx_word' id='word_1_257' title='bbox 2216 3891 2675 3987; x_wconf 91' lang='lat' dir='ltr'>supplicium,</span> <span class='ocrx_word' id='word_1_258' title='bbox 2713 3890 2866 3966; x_wconf 92' lang='lat' dir='ltr'>imo</span> 
     </span>
     <span class='ocr_line' id='line_1_30' title="bbox 525 4010 2869 4113; baseline -0.002 -25"><span class='ocrx_word' id='word_1_259' title='bbox 525 4015 831 4111; x_wconf 87' lang='lat' dir='ltr'>rogabat</span> <span class='ocrx_word' id='word_1_260' title='bbox 878 4034 1015 4109; x_wconf 92' lang='lat' dir='ltr'>pro</span> <span class='ocrx_word' id='word_1_261' title='bbox 1066 4014 1222 4089; x_wconf 87' lang='lat' dir='ltr'>illis.</span> <span class='ocrx_word' id='word_1_262' title='bbox 1274 4015 1457 4090; x_wconf 87' lang='lat' dir='ltr'>Dicit</span> <span class='ocrx_word' id='word_1_263' title='bbox 1508 4036 1738 4113; x_wconf 86' lang='lat' dir='ltr'>ergo:</span> <span class='ocrx_word' id='word_1_264' title='bbox 1787 4018 1860 4088; x_wconf 91' lang='lat' dir='ltr'>io</span> <span class='ocrx_word' id='word_1_265' title='bbox 1909 4016 2133 4086; x_wconf 80' lang='lat' dir='ltr'>sentia</span> <span class='ocrx_word' id='word_1_266' title='bbox 2173 4033 2361 4104; x_wconf 80' lang='lat' dir='ltr'>voce,</span> <span class='ocrx_word' id='word_1_267' title='bbox 2398 4030 2533 4084; x_wconf 91' lang='lat' dir='ltr'>nec</span> <span class='ocrx_word' id='word_1_268' title='bbox 2571 4010 2869 4085; x_wconf 87' lang='lat' dir='ltr'>videbat</span> 
     </span>
     <span class='ocr_line' id='line_1_31' title="bbox 523 4133 2868 4229; baseline -0.002 -22"><span class='ocrx_word' id='word_1_269' title='bbox 523 4134 867 4209; x_wconf 83' lang='lat' dir='ltr'>facientes</span> <span class='ocrx_word' id='word_1_270' title='bbox 916 4133 1120 4229; x_wconf 82' lang='lat' dir='ltr'>eam3</span> <span class='ocrx_word' id='word_1_271' title='bbox 1172 4140 1249 4210; x_wconf 89' lang='lat' dir='ltr'>et</span> <span class='ocrx_word' id='word_1_272' title='bbox 1298 4155 1475 4211; x_wconf 89' lang='lat' dir='ltr'>ecce</span> <span class='ocrx_word' id='word_1_273' title='bbox 1515 4135 1830 4210; x_wconf 83' lang='lat' dir='ltr'>formam</span> <span class='ocrx_word' id='word_1_274' title='bbox 1870 4133 2252 4210; x_wconf 90' lang='lat' dir='ltr'>orationis:</span> <span class='ocrx_word' id='word_1_275' title='bbox 2289 4153 2328 4205; x_wconf 80' lang='lat' dir='ltr'>e</span> <span class='ocrx_word' id='word_1_276' title='bbox 2364 4134 2695 4205; x_wconf 75' lang='lat' dir='ltr'>ciascuna</span> <span class='ocrx_word' id='word_1_277' title='bbox 2723 4150 2868 4225; x_wconf 81' lang='lat' dir='ltr'>pa-</span> 
     </span>
     <span class='ocr_line' id='line_1_32' title="bbox 521 4257 2866 4349; baseline -0.003 -20"><span class='ocrx_word' id='word_1_278' title='bbox 521 4278 654 4329; x_wconf 82' lang='lat' dir='ltr'>rea</span> <span class='ocrx_word' id='word_1_279' title='bbox 695 4275 968 4348; x_wconf 71' lang='lat' dir='ltr'>preqar</span> <span class='ocrx_word' id='word_1_280' title='bbox 1008 4276 1143 4348; x_wconf 79' lang='lat' dir='ltr'>per</span> <span class='ocrx_word' id='word_1_281' title='bbox 1179 4277 1363 4349; x_wconf 82' lang='lat' dir='ltr'>pace</span> <span class='ocrx_word' id='word_1_282' title='bbox 1424 4277 1463 4329; x_wconf 81' lang='lat' dir='ltr'>e</span> <span class='ocrx_word' id='word_1_283' title='bbox 1507 4278 1641 4348; x_wconf 83' lang='lat' dir='ltr'>per</span> <span class='ocrx_word' id='word_1_284' title='bbox 1689 4257 2203 4346; x_wconf 75' lang='lat' dir='ltr'>misericordia,</span> <span class='ocrx_word' id='word_1_285' title='bbox 2246 4272 2416 4348; x_wconf 81' lang='lat' dir='ltr'>quae</span> <span class='ocrx_word' id='word_1_286' title='bbox 2465 4272 2550 4326; x_wconf 91' lang='lat' dir='ltr'>su</span> <span class='ocrx_word' id='word_1_287' title='bbox 2558 4257 2637 4325; x_wconf 91' lang='lat' dir='ltr'>nt</span> <span class='ocrx_word' id='word_1_288' title='bbox 2686 4270 2866 4325; x_wconf 90' lang='lat' dir='ltr'>con-</span> 
     </span>
     <span class='ocr_line' id='line_1_33' title="bbox 524 4370 2870 4470; baseline -0.002 -21"><span class='ocrx_word' id='word_1_289' title='bbox 524 4376 751 4451; x_wconf 87' lang='lat' dir='ltr'>traria</span> <span class='ocrx_word' id='word_1_290' title='bbox 798 4374 955 4470; x_wconf 60' lang='lat' dir='ltr'>irae,</span> <span class='ocrx_word' id='word_1_291' title='bbox 1004 4378 1279 4467; x_wconf 68' lang='lat' dir='ltr'>uque!</span> <span class='ocrx_word' id='word_1_292' title='bbox 1335 4377 1413 4450; x_wconf 82' lang='lat' dir='ltr'>di</span> <span class='ocrx_word' id='word_1_293' title='bbox 1479 4379 1645 4466; x_wconf 78' lang='lat' dir='ltr'>Die,</span> <span class='ocrx_word' id='word_1_294' title='bbox 1697 4375 1969 4450; x_wconf 85' lang='lat' dir='ltr'>scilicet</span> <span class='ocrx_word' id='word_1_295' title='bbox 2035 4373 2432 4467; x_wconf 86' lang='lat' dir='ltr'>Christum,</span> <span class='ocrx_word' id='word_1_296' title='bbox 2498 4370 2626 4465; x_wconf 89' lang='lat' dir='ltr'>qui</span> <span class='ocrx_word' id='word_1_297' title='bbox 2689 4389 2870 4446; x_wconf 89' lang='lat' dir='ltr'>vere</span> 
     </span>
    </p>
   </div>
   <div class='ocr_carea' id='block_1_3' title="bbox 645 4557 2243 4701">
    <p class='ocr_par' dir='ltr' id='par_1_3' title="bbox 645 4557 2243 4701">
     <span class='ocr_line' id='line_1_34' title="bbox 645 4557 2243 4622; baseline -0.001 -11"><span class='ocrx_word' id='word_1_298' title='bbox 645 4560 703 4621; x_wconf 66' lang='grc' dir='ltr'>ι’)</span> <span class='ocrx_word' id='word_1_299' title='bbox 734 4560 797 4611; x_wconf 87' lang='lat'>13.</span> <span class='ocrx_word' id='word_1_300' title='bbox 829 4558 1034 4611; x_wconf 67' lang='lat' dir='ltr'>stellius</span> <span class='ocrx_word' id='word_1_301' title='bbox 1060 4565 1132 4612; x_wconf 74' lang='grc' dir='ltr'>οι.</span> <span class='ocrx_word' id='word_1_302' title='bbox 1630 4557 1690 4622; x_wconf 80' lang='lat'>(¹)</span> <span class='ocrx_word' id='word_1_303' title='bbox 1721 4559 1785 4610; x_wconf 86' lang='lat'>13.</span> <span class='ocrx_word' id='word_1_304' title='bbox 1817 4560 1922 4612; x_wconf 79' lang='lat' dir='ltr'>boo</span> <span class='ocrx_word' id='word_1_305' title='bbox 1948 4564 2063 4611; x_wconf 71' lang='lat' dir='ltr'>ent?</span> <span class='ocrx_word' id='word_1_306' title='bbox 2095 4559 2243 4610; x_wconf 81' lang='lat' dir='ltr'>Dloo.</span> 
     </span>
     <span class='ocr_line' id='line_1_35' title="bbox 651 4636 1715 4701; baseline -0.001 -13"><span class='ocrx_word' id='word_1_307' title='bbox 651 4637 706 4699; x_wconf 84' lang='lat'>(⁸)</span> <span class='ocrx_word' id='word_1_308' title='bbox 739 4636 800 4687; x_wconf 81' lang='grc' dir='ltr'>Ε.</span> <span class='ocrx_word' id='word_1_309' title='bbox 832 4636 1231 4700; x_wconf 70' lang='lat' dir='ltr'>potentis-lmus,</span> <span class='ocrx_word' id='word_1_310' title='bbox 1263 4636 1461 4689; x_wconf 69' lang='lat' dir='ltr'>seilicet</span> <span class='ocrx_word' id='word_1_311' title='bbox 1490 4636 1715 4701; x_wconf 73' lang='lat' dir='ltr'>quando.</span> 
     </span>
    </p>
   </div>
  </div>
 </body>
</html>
