3704 5559
849 486 987 550 156
1569 499 1977 553 coMENTUM
2027 498 2465 552 PURGATonn

843 642 1191 738 Oriagum
1245 663 1377 736 per
1426 643 1573 716 duo
1620 644 1975 736 milliaria,
2014 645 2366 734 quand’io
2411 644 2512 735 su’
2543 645 3052 732 ‚sovrayyiunlo
3090 643 3188 714 ad

853 766 1146 853 Oriayo,
1200 762 1323 835 ubi
1377 770 1587 837 erant
1637 763 2074 854 insidianteS,
2118 783 2342 835 ancor
2386 765 2578 834 sarci
2625 764 2700 834 di
2749 752 2846 852 td,
2898 763 3075 834 dove
3127 764 3189 833 si

843 886 1067 974 spira,
1119 882 1321 976 idest,
1374 883 1447 955 in
1508 883 1784 956 mundo
1845 883 2274 957 viventium.
2337 883 2425 955 Et
2483 884 2639 957 vult
2700 878 3021 956 breviter
3080 879 3187 954 di-

847 1022 1061 1077 cere:
1135 1003 1192 1075 si
1263 1023 1401 1099 ego
1477 1004 1950 1097 arripuissem
2029 1004 2281 1099 fugam
2352 1024 2484 1097 per
2554 1002 2787 1097 ripam
2871 1002 3187 1075 fluminis

848 1122 1159 1216 Brentae,
1211 1122 1486 1196 directe
1536 1143 1795 1196 versus
1845 1123 2197 1216 Paduam,
2251 1124 2490 1197 adhuc
2542 1143 2777 1198 essem
2833 1123 3023 1196 inter
3081 1121 3188 1195 vi-

847 1264 1001 1336 voS,
1056 1243 1227 1336 quia
1279 1249 1608 1336 poteram
1666 1243 1966 1316 faciliter
2019 1243 2335 1317 evadere
2386 1263 2560 1316 cum
2612 1263 2808 1336 equo
2860 1242 3089 1316 veloci
3142 1262 3187 1315 a

850 1364 1188 1437 manibus
1255 1363 1544 1436 illorum
1615 1364 1965 1457 peditum,
2029 1364 2519 1458 perveniendo
2580 1363 2721 1437 cito
2789 1363 2881 1436 ad
2919 1364 3185 1437 locum

848 1484 1339 1577 habitationiS,
1413 1484 1536 1557 ubi
1611 1484 1909 1559 fuissem
1982 1492 2217 1576 tutuS,
2285 1485 2412 1557 sed
2481 1484 2933 1558 contrarium
2987 1483 3184 1574 fecit3

848 1603 1045 1678 unde
1089 1604 1290 1678 dicit:
1345 1608 1534 1676 corsi
1566 1608 1643 1677 al
1666 1608 1956 1697 palude,
2002 1605 2248 1678 relicta
2280 1597 2352 1695 (¹)
2395 1604 2510 1679 via
2549 1611 2748 1677 recta
2784 1624 2913 1697 per
2952 1609 3187 1676 trans-

847 1745 1168 1819 versum,
1224 1748 1260 1797 e
1310 1730 1369 1799 le
1419 1746 1762 1798 cannucce
1811 1748 1848 1797 e
1883 1729 1932 1797 ’l
1986 1727 2239 1816 brayo,
2301 1725 2520 1820 ipsius
2582 1726 2808 1818 vallis,
2871 1729 2958 1797 m'
2983 1730 3188 1818 impi-

844 1849 1035 1935 9liar
1083 1838 1162 1938 sl,
1200 1845 1403 1938 idest,
1442 1847 1536 1919 ita
1577 1867 1700 1920 me
1750 1847 2336 1941 implicaverunt,
2374 1849 2475 1918 ch'
2499 1850 2570 1918 io
2609 1849 2843 1937 caddi,
2896 1848 3185 1940 scilicet,

844 1965 940 2038 ab
992 1986 1209 2059 equo,
1263 1967 1387 2040 ubi
1455 1966 1765 2040 habilius
1824 1972 1899 2040 et
1962 1965 2193 2039 tutius
2246 1986 2369 2039 me
2431 1967 2933 2060 trucidarunt3
2992 1967 3188 2041 unde

848 2084 1063 2157 dicit:
1117 2108 1154 2157 e
1194 2079 1241 2159 ῖὶ
1294 2090 1430 2159 vid’
1455 2091 1524 2159 io
1576 2090 1747 2160 delle
1798 2089 1932 2159 mie
1982 2108 2149 2158 vene
2182 2090 2371 2180 sarsi
2419 2091 2493 2158 in
2543 2094 2739 2159 terra
2791 2092 2980 2180 layo,
3019 2088 3188 2181 quia

849 2206 1144 2299 sanguis
1198 2225 1409 2277 meus
1461 2212 1656 2278 totus
1708 2206 1993 2279 effluxit
2043 2207 2160 2278 ibi.

998 2327 1129 2396 Poi
1176 2325 1360 2396 disse
1407 2345 1503 2395 zm
1554 2329 1760 2397 altro.
1816 2326 1959 2398 Ista
2011 2331 2122 2398 est
2181 2334 2446 2420 quarta
2513 2333 2584 2401 et
2645 2328 2900 2401 ultima
2965 2328 3188 2421 parti-

850 2444 1017 2515 cula
1044 2434 1147 2535 (²),
1199 2443 1272 2515 in
1325 2464 1472 2537 qua
1532 2451 1743 2538 poeta
1804 2444 2145 2519 describit
2202 2447 2429 2519 alium
2495 2447 2828 2541 spiritum
2890 2448 3188 2521 moder-

849 2583 1055 2655 num,
1109 2562 1236 2655 qui
1297 2563 1427 2635 fuit
1488 2564 1699 2636 nimis
1759 2565 1998 2638 audax
2068 2567 2142 2638 in
2202 2568 2484 2661 proelio,
2549 2568 2735 2642 sicut
2800 2569 3187 2664 praedictus

851 2682 984 2754 fuit
1035 2683 1246 2754 nimis
1297 2685 1737 2759 temerarius
1789 2686 1862 2757 in
1912 2687 2173 2760 officio.
2229 2688 2413 2761 Dicit
2447 2709 2672 2785 ergo:
2713 2693 2843 2761 Poi
2881 2692 3063 2762 disse
3095 2712 3190 2761 un

849 2807 1061 2895 altre,
1112 2803 1317 2899 idest,
1381 2806 1567 2879 alius
1630 2807 1923 2901 spiritus
1988 2816 2284 2902 captans
2344 2810 2955 2906 benevolentiam,
3008 2816 3188 2886 dele!

850 2925 1057 3017 quasi
1109 2925 1340 2999 dicat:
1396 2927 1750 3020 deprecor
1802 2935 1897 3020 te,
1965 2950 2040 3000 se
2105 2932 2264 3026 quel
2307 2931 2485 3002 disto
2534 2934 2598 3002 si
2644 2936 2942 3024 compia,
2986 2933 3187 3026 idest,

850 3044 908 3115 si
978 3043 1153 3116 illud
1219 3053 1431 3117 tuum
1512 3046 1953 3121 desiderium
2013 3047 2499 3141 adimpleatur
2570 3049 2891 3146 feliciter,
2958 3056 3077 3125 che
3145 3057 3192 3125 ci

850 3169 1100 3253 traqye
1149 3166 1267 3235 all'
1294 3168 1435 3236 alto
1488 3173 1755 3256 monce,-
1807 3172 1883 3240 et
1931 3167 2032 3240 sic
2075 3167 2239 3240 vide
2280 3168 2476 3260 quod
2511 3170 2800 3244 adiurat
2850 3193 3022 3245 eum
3059 3193 3189 3267 per

852 3281 918 3354 id
973 3283 1169 3375 quod
1222 3283 1547 3358 maxime
1586 3286 1901 3379 optabat.
1955 3288 2176 3361 Poeta
2231 3289 2425 3362 enim
2480 3290 2691 3364 avide
2723 3281 2794 3383 (³)
2852 3293 3188 3367 tendebat

849 3402 943 3475 ad
998 3408 1346 3494 montem,
1400 3413 1483 3478 ut
1535 3412 1774 3498 posset
1826 3408 2213 3499 pervenire
2252 3409 2343 3481 ad
2381 3412 2652 3483 coelum
2691 3419 2766 3485 et
2801 3411 3049 3488 videre
3081 3414 3189 3487 di-

851 3522 1096 3594 vinam
1150 3523 1564 3617 essentiam,
1601 3524 1673 3596 in
1709 3546 1857 3618 qua
1894 3527 2042 3600 sola
2079 3528 2451 3621 quietatur
2487 3551 2707 3605 omne
2747 3533 3186 3608 desiderium

853 3643 1288 3734 humanum,
1343 3645 1536 3716 aiuta
1602 3647 1656 3716 il
1710 3648 1876 3735 mio,
1930 3648 2183 3742 supple
2252 3649 2718 3745 desiderium,
2779 3674 2910 3725 con
2961 3656 3190 3727 buona

838 3765 1118 3854 pietate,
1182 3763 1390 3856 quasi
1443 3764 1670 3837 dicat:
1724 3786 1897 3839 cum
1951 3751 2192 3860 aeque'
2226 3768 2418 3842 bona
2483 3772 2789 3847 caritate
2863 3774 3192 3849 similiter

851 3904 1029 3980 roga
1081 3904 1215 3977 pro
1267 3905 1389 3958 me
1440 3885 1496 3958 si
1558 3908 1890 3979 unquam
1942 3889 2332 3983 contingat,
2389 3893 2585 3983 quod
2653 3900 2812 3987 post
2875 3895 3186 3969 reditum

849 4010 1062 4076 tuum
1115 4003 1207 4077 ad
1260 4004 1645 4099 mundum,
1690 4013 1766 4079 tu
1825 4007 2047 4081 vadas
2099 4009 2170 4080 in
2224 4010 2615 4084 Marchiam
2671 4013 2759 4085 ad
2815 4014 3183 4090 civitatem

846 4122 1120 4216 Urbini,
1175 4123 1343 4216 quia
1398 4124 1502 4196 fui
1554 4126 1862 4200 nobilior
1912 4134 1985 4201 et
2036 4129 2394 4202 valentior
2431 4152 2653 4223 quam
2699 4133 2834 4206 iste
2870 4135 2980 4206 sit.
3018 4136 3188 4211 Ideo

846 4250 929 4315 ut
982 4243 1234 4317 reddat
1282 4251 1571 4338 poetam
1636 4248 1765 4320 sibi
1819 4248 2262 4322 benevolum
2316 4252 2557 4323 statim
2619 4253 2961 4328 describit
3012 4278 3093 4331 se
3141 4279 3183 4332 a

846 4363 1146 4437 nomine
1197 4370 1269 4437 et
1320 4367 1776 4461 cognomine,
1831 4369 2124 4442 dicens:
2176 4372 2247 4442 io
2291 4373 2400 4463 sui
2447 4375 2524 4445 di
2571 4378 3028 4468 Montefelcro.
3082 4379 3189 4453 Ad

976 4612 1030 4676 (¹)
1060 4613 1112 4662 S.
1146 4613 1407 4666 derelicta.
1658 4616 1714 4682 (¹)
1747 4618 1809 4670 E.
1843 4633 1978 4682 pars,
2013 4621 2065 4670 in
2095 4636 2213 4686 qua.
2465 4625 2519 4688 (⁸)
2553 4626 2615 4676 E.
2647 4629 2871 4678 maxime
2904 4631 3158 4685 tendebat.
