3704 5559
862 472 953 537 74
1582 482 1990 536 COMENTUM
2041 481 2480 536 PURGATonn

856 627 1228 703 descendit
1278 627 1690 700 damnanda
1741 626 1834 699 ad
1887 626 2256 700 infernum
2310 628 2384 699 in
2435 647 2658 719 quem
2710 627 3029 703 intratur
3078 652 3212 726 per

858 769 1158 844 passum
1210 746 1661 838 Acherontis,
1712 749 1775 818 si
1822 749 2174 836 raccoqlie
2224 768 2497 837 sempre
2547 750 2757 840 quivi,
2795 750 3064 825 scilicet
3117 751 3210 826 ad

856 876 1155 965 portum
1207 869 1424 942 almae
1476 866 1703 959 urbiS,
1758 867 1969 961 quasi
2020 867 2213 942 dicat
2262 866 2585 942 breviter
2638 870 2837 962 quod
2888 871 3212 966 Angelus

858 1012 1008 1066 non
1059 991 1328 1086 colligit
1377 990 1660 1063 animas
1693 989 1787 1064 ab
1820 989 1962 1062 alia
2008 995 2217 1083 parte
2256 1011 2483 1083 quam
2523 1012 2569 1064 a
2611 992 3001 1067 christiana
3043 994 3208 1088 fide,

859 1112 1070 1186 cuius
1121 1118 1231 1184 est
1280 1117 1501 1203 caput
1551 1129 1861 1182 romana
1913 1110 2238 1183 ecclesia.

1008 1237 1097 1304 Et
1143 1235 1234 1303 io,
1287 1231 1428 1304 Ista
1489 1236 1598 1303 est
1667 1235 1933 1323 quarta
2000 1235 2074 1302 et
2142 1228 2398 1303 ultima
2467 1250 2637 1323 pars
2688 1232 3075 1326 generalis,
3138 1233 3212 1307 in

862 1374 1011 1446 qua
1056 1360 1271 1447 poeta
1305 1350 1616 1426 ostendit
1654 1350 2026 1444 quomodo
2061 1350 2476 1423 invitaverit
2511 1351 2867 1425 Casellam
2904 1353 2997 1425 ad
3036 1374 3212 1427 can-

862 1474 1192 1565 tandum,
1229 1480 1303 1545 et
1354 1470 1727 1565 quomodo
1780 1476 2041 1544 cantus
2092 1470 2282 1543 illius
2333 1476 2406 1544 et
2456 1473 2895 1546 auscultatio
2946 1494 3209 1546 eorum

862 1593 1131 1666 fuerint
1164 1586 1238 1684 (¹)
1291 1591 1697 1664 disturbata
1761 1610 1895 1684 per
1956 1591 2330 1664 Catonem.
2399 1592 2486 1663 Et
2536 1591 2774 1685 primo
2826 1593 3213 1667 exordiens

859 1713 1152 1786 adiurat
1202 1731 1378 1784 eum
1431 1731 1563 1805 per
1604 1710 1957 1785 beneficia
1999 1710 2393 1803 praeterita,
2429 1718 2514 1785 ut
2555 1711 2650 1785 ita
2696 1733 2892 1786 nunc
2930 1719 3215 1788 recreet

860 1833 1100 1927 ipsum
1154 1831 1537 1927 fatigatum
1573 1837 1796 1904 cantu
1831 1852 1970 1904 suo
2007 1831 2257 1925 semel,
2296 1832 2483 1904 sicut
2517 1833 2691 1907 olim
2726 1834 2800 1906 in
2837 1835 2984 1908 vita
3020 1856 3213 1930 saepe

860 1953 1108 2027 facere
1161 1952 1457 2025 solebat.
1515 1951 1719 2024 Unde
1771 1950 1981 2025 dicit:
2018 1957 2084 2023 et
2113 1954 2211 2042 ἑο,
2263 1953 2517 2046 supple
2569 1953 2715 2026 dixi
2769 1954 3103 2027 Casellae:
3139 1978 3214 2027 se

860 2093 1096 2145 nuova
1148 2075 1368 2161 lewe,
1418 2070 1688 2145 scilicet
1736 2077 1899 2164 post
1950 2077 2296 2164 mortem,
2330 2093 2473 2143 non
2525 2076 2576 2145 ti
2625 2076 2830 2163 toqlie
2868 2077 3210 2148 memoria

861 2213 906 2263 o
954 2212 1109 2281 usO,
1164 2190 1371 2282 quasi
1422 2189 1651 2263 dicat:
1707 2189 1765 2262 si
1819 2210 1966 2263 non
2001 2190 2365 2284 perdidisti
2402 2212 2534 2285 per
2571 2201 2889 2267 mortem
2928 2214 3213 2268 memo-

864 2312 1053 2389 riam
1106 2316 1179 2384 et
1230 2332 1475 2403 usum,
1520 2331 1687 2402 quae
1739 2311 1889 2384 duo
1943 2310 2265 2385 maxime
2319 2319 2759 2386 conservant
2808 2320 3084 2406 artem,
3138 2322 3213 2388 et

862 2432 1190 2524 loquitur
1241 2430 1840 2524 conditionaliter,
1885 2431 2058 2524 quia
2113 2432 2479 2506 nesciebat
2513 2432 2571 2505 si
2607 2433 2741 2507 iste
2787 2435 2914 2526 qui
2966 2435 3212 2528 perdi-

860 2552 1071 2626 derat
1122 2571 1426 2646 organa,
1480 2551 1747 2644 quibus
1783 2571 1928 2625 vox
1973 2551 2360 2646 formatur,
2396 2572 2528 2646 per
2569 2561 2912 2647 mortem,
2967 2562 3211 2649 posset

860 2678 1183 2765 cantare,
1262 2677 1334 2745 et
1416 2672 1622 2744 dicit:
1711 2675 1830 2744 all'
1859 2693 2194 2743 amoroso
2277 2679 2508 2763 canto,
2585 2672 2758 2767 quia
2843 2674 3210 2769 praecipue

861 2794 1102 2867 fuerat
1163 2799 1512 2886 expertus
1572 2792 2034 2868 dulcedinem
2095 2800 2353 2866 cantus
2404 2792 2704 2866 Casellae
2761 2794 2834 2866 in
2897 2795 3207 2869 materia

858 2914 1173 3006 amoris;
1227 2914 1389 2988 ideo
1440 2914 1647 2989 dicit:
1703 2917 1822 2986 che
1875 2916 1971 2985 mi
2024 2917 2217 2985 solea
2275 2920 2521 3005 quecar
2574 2921 2731 2986 tutte
2784 2919 2914 2989 mie
2965 2921 3209 3008 voque,

860 3035 1066 3127 idest,
1121 3034 1247 3127 qui
1299 3039 1558 3107 cantus
1610 3033 1891 3107 solebat
1939 3034 2199 3106 sedare
2240 3033 2413 3104 mihi
2469 3034 2839 3127 passiones
2889 3036 3208 3129 amoris3

860 3162 935 3229 et
979 3153 1082 3225 sic
1116 3159 1354 3247 captat
1407 3153 1993 3228 benevolentiam
2030 3152 2102 3224 in
2144 3172 2235 3225 eo
2277 3152 2476 3244 quod
2527 3153 2694 3227 dicit
2740 3155 2943 3226 illum
2989 3155 3208 3230 fuisse

860 3278 1241 3346 cantorem
1311 3272 1690 3366 eximium,
1760 3273 2176 3346 adiutorem
2246 3271 2360 3344 sui
2430 3273 2751 3366 amoris3
2816 3274 3011 3348 unde
3077 3296 3207 3369 pe-

861 3392 990 3464 tit:
1044 3394 1118 3464 di
1166 3384 1300 3481 οἱὸ,
1352 3393 1556 3486 idest,
1608 3393 1700 3466 de
1750 3413 2094 3466 amoroso
2154 3402 2402 3485 cantu,
2449 3396 2498 3465 ti
2534 3397 2842 3486 piaccia,
2885 3396 3211 3490 loquitur

860 3511 1145 3604 blande,
1199 3514 1274 3584 di
1331 3516 1757 3585 consolarmi
1812 3516 2148 3605 alquanto
2213 3517 2257 3586 l'
2284 3516 2526 3586 anima
2577 3518 2747 3606 mia,
2800 3538 2968 3608 quae
3034 3538 3210 3592 vere

862 3631 1136 3727 indiget
1183 3632 1707 3725 consolatione,
1763 3633 1959 3706 unde
2008 3632 2224 3706 dicit:
2280 3636 2399 3705 che
2449 3637 2757 3707 vertendo
2808 3639 2947 3727 qui,
3003 3637 3206 3730 idest,

863 3770 1032 3845 quae
1080 3750 1325 3824 anima
1378 3772 1543 3826 mea
1596 3752 1899 3826 veniens
1949 3753 2041 3826 ad
2095 3752 2315 3824 istum
2360 3755 2897 3849 purgatorium,
2953 3777 3086 3828 con
3137 3760 3211 3830 la

859 3874 1003 3943 mia
1055 3892 1393 3963 persona,
1455 3870 1656 3964 idest,
1742 3892 1968 3946 carne
2033 3873 2384 3967 humana,
2454 3871 2495 3947 e*
2555 3879 2930 3967 asfannata
2992 3883 3208 3968 tanto,

861 3992 1080 4066 simul
1130 4013 1303 4066 cum
1356 4012 1667 4085 corpore
1725 4012 1859 4086 per
1927 3998 2030 4065 tot
2094 4014 2354 4088 aspera
2421 3993 2604 4087 loca,
2658 4016 2790 4089 per
2840 4003 3210 4072 tormenta

859 4133 1271 4205 poenarum.
1327 4114 1412 4184 Et
1463 4114 1578 4187 bic
1630 4119 1802 4187 nota
1855 4114 2052 4207 quod
2117 4122 2332 4208 poeta
2400 4122 2644 4190 noster
2708 4117 2801 4191 de
2852 4118 3210 4195 industria

864 4229 1067 4325 fingit
1117 4232 1314 4324 quod
1366 4239 1564 4326 petat
1614 4232 2173 4307 delectationem
2224 4241 2483 4308 cantus
2533 4236 2626 4309 ad
2678 4239 3210 4314 relevationem

864 4370 1169 4423 suarum
1225 4371 1605 4444 curarum,
1659 4352 1834 4444 quia
1885 4352 1976 4425 de
2031 4352 2135 4426 rei
2189 4354 2499 4429 veritate
2549 4377 2842 4431 summe
2889 4358 3210 4433 delecta-

990 4601 1046 4666 (¹)
1079 4602 1129 4653 S.
1163 4602 1393 4654 suerunt.
