3704 5559
885 481 1026 545 474
1605 486 2014 541 COMENTUM
2063 483 2500 538 pune-nonu

888 863 1216 931 CANTUS
1261 862 1642 931 DECIMUS
1690 861 2098 942 OCTAVUS,
2148 863 2219 927 in
2264 881 2383 944 quo
2428 864 2661 926 tractat
2706 859 2896 924 etiam
2944 858 3298 941 aliquan-

1042 977 1240 1041 tulum
1275 977 1352 1042 de
1382 998 1594 1042 amore
1604 1001 1626 1057 ‚·
1675 982 1735 1042 et
1770 975 2055 1041 omnibus
2085 974 2427 1039 declaratis
2445 977 2596 1055 post
2626 971 2908 1053 aliquam
2936 973 3296 1036 visionem

1043 1090 1416 1154 invenerunt
1458 1089 1728 1171 spiritus
1785 1087 2128 1152 accidiosos
2183 1085 2297 1151 sub
2356 1083 2535 1149 titulo
2595 1083 2922 1149 cuiusdam
2988 1083 3296 1148 abbatis

1044 1199 1406 1264 veronensis
1450 1204 1509 1265 et
1554 1198 1826 1263 aliorum
1870 1197 2223 1274 multorum,
2273 1200 2332 1261 et
2378 1196 2455 1262 de
2499 1194 2679 1260 modo
2712 1214 2942 1276 poenae.

1039 1489 1360 1655 Rsro
1410 1604 1589 1656 ovea
1631 1584 1772 1674 fine
1823 1585 1903 1654 al
1946 1602 2094 1654 suo.
2141 1582 2537 1675 Postquam
2591 1581 2663 1654 in
2717 1580 3077 1674 superiori
3119 1601 3285 1655 ca-

890 1703 1119 1798 pitulo
1171 1709 1384 1798 poeta
1435 1702 1963 1776 demonstravit
2026 1701 2340 1794 qualiter
2408 1701 2654 1775 omnia
2727 1699 2898 1774 vitia
2965 1700 3275 1773 habent

891 1823 1252 1920 originem
1304 1824 1399 1898 ab
1442 1841 1724 1916 amore,
1762 1842 1959 1895 nunc
2011 1821 2084 1893 in
2138 1821 2274 1895 isto
2325 1820 2643 1916 capitulo
2671 1820 2889 1892 XVIII
2940 1819 3276 1892 Intendit

893 1964 1221 2040 purgare
1271 1943 1532 2016 vitium
1583 1942 1876 2016 accidiae
1929 1941 2127 2035 quod
2177 1941 2414 2015 oritur
2463 1941 2560 2015 ab
2608 1960 2871 2015 amore
2934 1939 3269 2014 remisso

893 2065 1048 2140 veri
1104 2064 1295 2137 boni.
1351 2064 1439 2136 Et
1488 2083 1807 2158 praesens
1842 2062 2245 2156 capitulum
2301 2069 2410 2136 est
2461 2061 2878 2135 distinctum
2916 2062 2988 2134 in
3024 2060 3272 2154 quin-

899 2203 1049 2278 que
1103 2190 1346 2278 partes
1395 2183 1800 2278 generales.
1857 2183 1938 2254 In
1988 2181 2224 2276 prima
2278 2203 2596 2275 quarum
2650 2188 2866 2276 poeta
2908 2180 3076 2254 facit
3110 2179 3267 2253 dis-

899 2302 1299 2376 finitionem
1349 2302 1646 2375 amoris.
1684 2302 1763 2374 In
1805 2301 2127 2375 secunda
2164 2307 2413 2376 movet
2449 2322 2675 2375 unam
2711 2301 3258 2375 dubitationem

897 2443 1065 2517 quae
1113 2423 1439 2497 nascitur
1492 2443 1584 2497 ex
1649 2423 1765 2497 illa
1829 2422 2255 2496 diffinitione
2282 2417 2382 2515 (¹),
2447 2421 2582 2495 ibi:
2654 2427 2747 2495 Le
2809 2428 2917 2494 lue
2968 2424 3256 2514 parole.

897 2542 979 2615 In
1031 2542 1240 2616 tertia
1300 2541 1643 2616 describit
1707 2542 1779 2614 in
1843 2540 2167 2638 generali
2221 2562 2516 2636 poenam
2583 2548 2658 2615 et
2720 2542 3249 2638 purgationem

896 2662 1455 2755 accidiosorum‚
1507 2661 1644 2734 ibi:
1701 2666 1803 2733 La
1855 2664 2042 2733 luna.
2096 2660 2176 2733 In
2232 2668 2497 2754 quarta
2559 2660 2952 2735 Introducit
3006 2681 3248 2733 unum

897 2783 1230 2877 spIritum
1287 2782 1727 2856 modernum
1780 2782 1856 2854 in
1906 2781 2198 2876 speciali
2233 2782 2360 2874 qui
2401 2782 2758 2855 laboravit
2801 2783 3067 2855 morbo
3119 2802 3255 2856 ac-

895 2902 1124 2996 cidiae,
1176 2902 1313 2974 ibi:
1379 2906 1439 2975 0
1488 2909 1703 2991 yeme.
1759 2902 1838 2973 In
1890 2901 2144 2995 quinta
2196 2906 2272 2974 et
2322 2901 2582 2976 ultima
2623 2901 2836 2975 docet
2875 2903 3253 2996 expellere

896 3021 1155 3095 vitium
1208 3022 1527 3114 accidiae,
1581 3021 1717 3095 ibi:
1773 3026 1839 3093 E
1885 3023 2056 3111 quei.
2106 3019 2211 3092 Ad
2264 3020 2588 3114 primum
2626 3041 2806 3116 ergo
2847 3021 3009 3095 dico
3044 3020 3248 3113 quod

895 3148 1111 3236 poeta
1162 3142 1340 3236 petit
1378 3163 1423 3215 a
1458 3142 1757 3237 VIrgilio
1792 3140 2296 3214 diffinitionem
2333 3140 2645 3234 amoris;
2684 3148 2758 3215 et
2793 3142 3026 3235 primo
3059 3159 3247 3213 con-

896 3262 1190 3334 tinuans
1238 3261 1429 3334 dicta
1482 3260 1822 3352 dicendiS‚
1877 3259 2046 3333 dicit
2077 3251 2190 3351 (²):
2247 3263 2322 3332 L’
2349 3265 2492 3333 alto
2543 3264 2839 3353 doctore,
2879 3261 3059 3334 idest
3108 3280 3248 3333 ex-

897 3379 1166 3454 cellens
1216 3386 1432 3473 poeta
1482 3379 1822 3475 Virgilius
1873 3380 2002 3471 qui
2050 3381 2199 3453 alte
2232 3381 2587 3457 docuerat
2622 3388 2872 3455 ortum
2910 3381 3244 3454 omnium

898 3484 1270 3592 vitiorum,
1310 3507 1512 3590 posto
1564 3520 1742 3573 ovea
1784 3501 1926 3591 fine
1977 3502 2054 3572 al
2100 3521 2226 3573 suo
2276 3505 2838 3592 rayionanoento,
2874 3501 3079 3594 idest,
3127 3522 3248 3575 ra-

899 3619 1192 3694 tIOcInio
1242 3619 1489 3693 subtili
1533 3620 1729 3714 quod
1782 3620 2057 3695 fecerat
2107 3619 2199 3693 de
2247 3641 2530 3715 amore,
2598 3630 2663 3695 et
2720 3627 2975 3695 attento
3025 3641 3249 3712 quar-

900 3744 1117 3831 dava,
1171 3742 1345 3835 quia
1396 3740 1488 3815 de
1538 3741 1847 3816 materia
1900 3741 2091 3834 forn,
2143 3744 2329 3813 nella
2397 3744 2540 3813 mia
2595 3745 2774 3847 pista
2822 3743 2880 3813 ε’
2904 3744 2975 3813 io
3014 3761 3248 3834 parea

899 3869 1237 3954 contento,
1290 3861 1382 3936 de
1431 3861 1888 3936 distinctione
1937 3861 2147 3934 facta.
2202 3863 2290 3933 Et
2339 3862 2653 3936 ostendit
2692 3861 3063 3956 quomodo
3100 3880 3245 3934 non

902 3990 1289 4057 contentus
1339 3982 1579 4057 adhuc
1629 3981 2031 4075 dubitabat,
2068 3981 2355 4056 dicens:
2408 3990 2474 4055 et
2521 3986 2590 4055 io
2640 3985 2752 4055 cui
2799 4003 3036 4054 nuova
3084 3989 3247 4073 sete,

900 4104 1105 4199 idest,
1157 4103 1462 4178 aviditas
1524 4102 1820 4195 sciendi,
1873 4123 2096 4174 ancor
2152 4107 2492 4195 sruyava,
2557 4103 2919 4198 purgabat
2983 4109 3057 4174 et
3121 4122 3248 4175 co-

901 4223 1198 4317 quebat,
1249 4226 1325 4295 di
1365 4227 1536 4317 [τιον
1589 4230 1858 4313 caceva,
1894 4242 2238 4296 sermone
2289 4222 2590 4315 verbali,
2633 4244 2671 4294 e
2717 4225 2964 4295 deruro
3013 4223 3248 4293 dicea:

903 4360 1248 4414 sermone
1299 4342 1620 4435 mentali,
1665 4346 1865 4435 forse
1925 4345 1993 4415 lo
2057 4349 2307 4433 troppo
2373 4345 2757 4415 dimandar
2814 4344 2915 4414 ch'
2940 4344 3010 4414 io
3063 4345 3142 4435 so
3202 4344 3254 4413 li

1031 4598 1088 4662 (¹)
1123 4604 1231 4661 11⁷,
1264 4601 1606 4654 distinctione.
2106 4603 2162 4663 (¹)
2195 4603 2256 4655 E.
2291 4603 2417 4654 dicit
2447 4604 2557 4654 εἰσι
2591 4603 2784 4653 L'alto.
