3704 5559
908 446 1048 512 536
1629 454 2035 508 coMENTuM
2085 455 2519 508 PURGATonu

903 603 1093 678 dicta
1121 601 1521 692 firmarent,
1543 603 1926 692 coeperunt
1954 604 2269 672 tortores
2287 596 2583 693 singulis
2601 616 2969 690 apponere
2994 595 3231 692 ignem

901 721 1138 815 primo
1191 719 1488 815 ungulae
1538 717 1760 812 pediS,
1813 725 1886 791 et
1939 717 2288 812 paulatim
2353 715 2809 790 ascendendo
2872 715 3234 789 deducere

903 862 1033 935 per
1084 839 1328 913 omnia
1368 839 1725 911 membra.
1765 837 1865 911 Illi
1902 844 2152 911 autem
2182 837 2541 931 jactantes
2577 855 2795 910 voces
2828 836 2901 907 in
2936 836 3230 926 coelum,

906 959 1342 1050 clamabant,
1369 979 1450 1031 se
1480 978 1695 1031 veros
1723 958 2153 1031 christianos
2179 963 2542 1032 eteorum
2581 955 3004 1051 religionem
3042 975 3234 1029 sem-

905 1100 1037 1175 per
1099 1077 1628 1151 sanctissimam
1694 1077 1936 1152 t'uisse.
2003 1078 2152 1152 Nec
2213 1100 2406 1151 unus
2471 1097 2707 1171 usque
2764 1075 2856 1150 ad
2922 1082 3235 1149 mortem

911 1196 1146 1291 potuit
1211 1218 1257 1270 a
1323 1203 1473 1270 tam
1537 1196 1894 1270 constanti
1946 1197 2313 1290 proposito
2364 1197 2730 1271 removeri
2774 1190 2870 1287 (¹).
2932 1195 3239 1269 Iacobus

912 1336 1091 1390 vero
1145 1315 1491 1411 magister
1543 1316 1762 1411 longo
1814 1335 2116 1390 carcere
2166 1321 2603 1408 maceratuS,
2649 1315 2937 1389 tandem
2980 1314 3241 1387 ductus

910 1436 1380 1532 Lugdunum,
1434 1436 1681 1509 multis
1731 1435 2354 1509 exhortationibus
2406 1456 2821 1529 persuasuS,
2873 1434 3244 1509 confessus

912 1558 1048 1631 fuit
1082 1557 1326 1650 aliqua
1361 1555 1714 1630 Clementi
1748 1576 1974 1650 papae.
2012 1556 2257 1642 Quare
2296 1562 2658 1629 retractus
2698 1555 3036 1648 ParisiuS,
3072 1575 3244 1628 cum

913 1698 1167 1752 coram
1216 1676 1505 1750 duobus
1557 1675 1811 1770 legatis
1864 1695 1955 1749 ex
2011 1675 2241 1749 latere
2291 1683 2368 1747 et
2419 1694 2598 1769 rege
2646 1676 3000 1749 sententia
3051 1675 3248 1770 lege-

915 1794 1143 1889 retur,
1195 1796 1270 1868 in
1321 1817 1465 1888 qua
1518 1794 2029 1869 continebatur
2082 1793 2410 1889 magistri
2462 1793 2794 1867 liberatio
2854 1800 2927 1868 et
2978 1794 3247 1867 ordinis

913 1916 1309 2009 damnatio,
1362 1916 1513 2010 ipse
1562 1935 1734 1989 cum
1790 1935 1941 1989 uno
1993 1935 2080 1988 ex
2138 1913 2370 2008 sociis,
2422 1914 2549 2007 qui
2599 1921 2760 1989 erat
2810 1914 3034 1989 frater
3082 1916 3254 1988 Del-

915 2036 1112 2130 phini
1165 2034 1482 2126 Viennae,
1535 2033 1786 2127 petivit
1835 2035 1982 2107 alta
2033 2053 2213 2108 voce
2260 2033 2651 2106 silentium.
2688 2035 2849 2120 Quo
2885 2054 3253 2126 conces50,

917 2154 1260 2228 audiente
1311 2152 1774 2225 multitudine
1825 2159 2208 2246 praesente,
2251 2152 2488 2226 testati
2540 2160 2732 2246 sunt,
2770 2154 2965 2246 quod
3014 2160 3257 2228 morte

920 2270 1338 2367 dignissima
1368 2276 1860 2363 morerentur,
1898 2291 2043 2345 non
2074 2271 2246 2364 quia
2274 2270 2803 2345 commisissent
2819 2263 2895 2362 (²)
2925 2292 3257 2366 unquam

921 2411 1009 2465 ea
1088 2409 1256 2483 quae
1335 2389 1807 2485 legebantur3
1878 2390 2005 2462 sed
2073 2390 2244 2483 quia
2314 2392 2799 2485 permiserant
2862 2413 2942 2466 se
3009 2393 3258 2466 seduci

924 2508 1386 2584 suasionibus
1428 2508 1815 2583 Clementis
1861 2530 2066 2603 papae
2111 2516 2185 2583 et
2237 2510 2430 2606 regis
2483 2511 2792 2606 tyranni,
2829 2517 3085 2586 contra
3128 2514 3261 2586 ho-

924 2651 1182 2705 norem
1234 2629 1505 2703 ordinis
1555 2629 1665 2702 sui
1720 2637 1874 2704 tam
1925 2630 2154 2703 sancti
2206 2638 2281 2704 et
2331 2637 2437 2704 tot
2485 2638 2910 2705 sanctorum
2961 2642 3257 2726 patrum

922 2751 1359 2827 auctoritate
1410 2750 1731 2845 probati3
1786 2756 1860 2825 et
1912 2757 2016 2825 tot
2068 2751 2408 2847 egregios
2459 2751 2683 2826 sortes
2730 2752 3262 2829 commilitones

923 2878 999 2945 et
1049 2870 1281 2944 socios
1329 2877 1501 2944 ante
1561 2891 1641 2944 se
1699 2890 1834 2964 pro
1893 2870 2202 2945 veritate
2252 2878 2724 2965 consumptos
2774 2871 3009 2945 viliter
3059 2872 3263 2946 frau-

922 2991 1234 3066 dassent.
1302 2990 1443 3065 Sed
1519 2991 1706 3063 dura
1782 2991 2142 3065 sententia
2213 2992 2384 3084 lata,
2438 2990 2752 3064 Jacobus
2813 3010 2984 3064 cum
3038 2992 3265 3067 fratre

922 3111 1251 3205 Delphini
1306 3109 1453 3206 igni
1521 3111 1734 3184 datus
1763 3101 1836 3201 (³)
1894 3117 2024 3203 est,
2086 3110 2273 3183 sicut
2340 3110 2601 3204 primi3
2657 3117 2730 3186 et
2789 3111 3033 3204 ambo,
3085 3133 3265 3207 rege

920 3231 1234 3321 vidente,
1302 3236 1720 3303 constanter
1772 3234 1844 3303 et
1898 3229 2251 3324 intrepide
2310 3230 2384 3302 in
2452 3230 2884 3324 supplicium
2946 3231 3258 3305 iverunt.

920 3346 1056 3419 Alii
1107 3346 1256 3418 duo
1307 3345 1546 3419 viliter
1596 3346 2022 3420 confitentes
2073 3354 2487 3421 evaserunt.
2541 3348 3082 3445 Quinquaginta
3133 3369 3257 3423 sex

924 3466 1246 3557 fuerunt,
1312 3463 1434 3557 qui
1500 3469 1877 3557 tamquam
1947 3472 2311 3561 martyres
2374 3467 2795 3543 innocentes
2859 3470 3256 3563 perierunt.

922 3585 1126 3659 Hanc
1173 3584 1487 3659 flebilem
1541 3584 1913 3658 historiam
1969 3586 2178 3659 multi
2216 3586 2355 3661 fide
2395 3587 2588 3683 digni
2636 3595 3099 3682 notaverunt,
3136 3589 3259 3663 sed

924 3727 1076 3801 prae
1109 3704 1393 3779 caeteris
1443 3705 1880 3779 Boccaccius
1914 3706 2005 3780 de
2038 3707 2374 3781 Certaldo
2417 3709 2952 3802 elegantissime
2991 3710 3262 3784 descri-

923 3826 1050 3919 bit,
1117 3823 1574 3900 laudabiliter
1632 3825 2155 3900 commendans
2221 3827 2699 3901 constantiam
2767 3835 2842 3903 et
2902 3829 3263 3904 fortitudi-

925 3965 1093 4019 nem
1152 3945 1458 4017 istorum
1504 3944 1695 4017 ultra
1733 3943 2078 4019 virtutem
2119 3945 2448 4020 virorum
2487 3947 2782 4021 fortium
2826 3949 2921 4022 ab
2961 3950 3261 4045 antiquo

925 4064 1417 4139 laudatorum.
1473 4063 1578 4136 De
1627 4062 1778 4136 istis
1820 4071 1894 4137 et
1927 4064 2019 4139 de
2052 4065 2338 4162 origine
2373 4067 2646 4141 ordinis
2680 4088 2943 4143 eorum
2981 4069 3265 4144 dicetur

922 4184 1244 4258 Paradisi
1322 4182 1640 4276 capitulo
1722 4183 1959 4257 xvnl.
2039 4185 2248 4258 Nunc
2298 4193 2407 4260 est
2475 4187 2567 4261 ad
2628 4188 2912 4264 literam
2963 4189 3266 4264 venien-

923 4302 1140 4375 dum:
1193 4302 1361 4375 dicit
1414 4323 1591 4399 ergo
1655 4304 1904 4399 Hugo:
1982 4308 2233 4396 Veqyio
2260 4309 2311 4377 ’l
2365 4328 2598 4380 nuovo
2656 4311 2909 4401 Pilato,
2976 4310 3262 4400 scilicet,

1051 4562 1104 4624 (¹)
1139 4567 1244 4621 117,
1280 4564 1530 4614 revocari.
1687 4562 1742 4625 (²)
1777 4565 1837 4615 E.
1874 4566 2247 4617 commisissent
2277 4579 2354 4617 ea.
2512 4567 2566 4630 (⁸)
2601 4574 2707 4629 117,
2744 4570 3014 4620 damnatus
3044 4576 3137 4620 eet.
