<?xml version="1.0" encoding="UTF-8"?>
<!DOCTYPE html PUBLIC "-//W3C//DTD XHTML 1.0 Transitional//EN"
    "http://www.w3.org/TR/xhtml1/DTD/xhtml1-transitional.dtd">
<html xmlns="http://www.w3.org/1999/xhtml" xml:lang="en" lang="en">
 <head>
  <title>
</title>
<meta http-equiv="Content-Type" content="text/html;charset=utf-8" />
  <meta name='ocr-system' content='tesseract 3.04.00' />
  <meta name='ocr-capabilities' content='ocr_page ocr_carea ocr_par ocr_line ocrx_word'/>
</head>
<body>
  <div class='ocr_page' id='page_1' title='image "benvenutideramb00lacagoog_0385.png"; bbox 0 0 3704 5559; ppageno 0'>
   <div class='ocr_carea' id='block_1_1' title="bbox 2736 487 2876 554">
    <p class='ocr_par' dir='ltr' id='par_1_1' title="bbox 2736 487 2876 554">
     <span class='ocr_line' id='line_1_1' title="bbox 2736 487 2876 554; baseline 0 0"><span class='ocrx_word' id='word_1_1' title='bbox 2736 487 2876 554; x_wconf 86' lang='lat'><strong><em>373</em></strong></span> 
     </span>
    </p>
   </div>
   <div class='ocr_carea' id='block_1_2' title="bbox 537 880 2885 1187">
    <p class='ocr_par' dir='ltr' id='par_1_2' title="bbox 537 880 2885 1187">
     <span class='ocr_line' id='line_1_2' title="bbox 537 880 2883 964; baseline -0.003 -9"><span class='ocrx_word' id='word_1_2' title='bbox 537 886 867 957; x_wconf 84' lang='lat' dir='ltr'>GANTUS</span> <span class='ocrx_word' id='word_1_3' title='bbox 935 883 1319 952; x_wconf 88' lang='lat' dir='ltr'>DECIMUS</span> <span class='ocrx_word' id='word_1_4' title='bbox 1387 881 1808 963; x_wconf 84' lang='lat' dir='ltr'><strong>QUARTUS,</strong></span> <span class='ocrx_word' id='word_1_5' title='bbox 1878 882 1989 948; x_wconf 78' lang='lat' dir='ltr'><strong><em>ubi</em></strong></span> <span class='ocrx_word' id='word_1_6' title='bbox 2046 882 2168 947; x_wconf 79' lang='lat' dir='ltr'><strong><em>duo</em></strong></span> <span class='ocrx_word' id='word_1_7' title='bbox 2229 880 2481 946; x_wconf 77' lang='lat' dir='ltr'><strong><em>illorum</em></strong></span> <span class='ocrx_word' id='word_1_8' title='bbox 2542 882 2883 964; x_wconf 74' lang='lat' dir='ltr'><strong><em>spirituum</em></strong></span> 
     </span>
     <span class='ocr_line' id='line_1_3' title="bbox 691 993 2883 1082; baseline -0.002 -18"><span class='ocrx_word' id='word_1_9' title='bbox 691 1003 1075 1082; x_wconf 74' lang='lat' dir='ltr'><strong><em>royavemnt</em></strong></span> <span class='ocrx_word' id='word_1_10' title='bbox 1106 1017 1246 1063; x_wconf 78' lang='lat' dir='ltr'><strong><em>eum</em></strong></span> <span class='ocrx_word' id='word_1_11' title='bbox 1275 994 1555 1061; x_wconf 74' lang='lat' dir='ltr'><strong><em>Dantem</em></strong></span> <span class='ocrx_word' id='word_1_12' title='bbox 1582 994 1715 1061; x_wconf 81' lang='lat' dir='ltr'><strong><em>illis</em></strong></span> <span class='ocrx_word' id='word_1_13' title='bbox 1742 994 2056 1060; x_wconf 75' lang='lat' dir='ltr'><strong><em>dicturum</em></strong></span> <span class='ocrx_word' id='word_1_14' title='bbox 2099 993 2176 1059; x_wconf 81' lang='lat' dir='ltr'><strong><em>de</em></strong></span> <span class='ocrx_word' id='word_1_15' title='bbox 2220 1013 2341 1058; x_wconf 80' lang='lat' dir='ltr'><strong><em>sua</em></strong></span> <span class='ocrx_word' id='word_1_16' title='bbox 2371 994 2635 1075; x_wconf 78' lang='lat' dir='ltr'><strong><em>patria;</em></strong></span> <span class='ocrx_word' id='word_1_17' title='bbox 2684 998 2744 1058; x_wconf 80' lang='lat' dir='ltr'><strong><em>et</em></strong></span> <span class='ocrx_word' id='word_1_18' title='bbox 2771 993 2883 1059; x_wconf 79' lang='lat' dir='ltr'><strong><em>hoc</em></strong></span> 
     </span>
     <span class='ocr_line' id='line_1_4' title="bbox 696 1104 2885 1187; baseline -0.003 -12"><span class='ocrx_word' id='word_1_19' title='bbox 696 1110 858 1176; x_wconf 76' lang='lat' dir='ltr'><strong><em>dicto</em></strong></span> <span class='ocrx_word' id='word_1_20' title='bbox 903 1108 1389 1174; x_wconf 78' lang='lat' dir='ltr'><strong><em>abhominantur</em></strong></span> <span class='ocrx_word' id='word_1_21' title='bbox 1432 1126 1643 1173; x_wconf 86' lang='lat' dir='ltr'><strong><em>omncs</em></strong></span> <span class='ocrx_word' id='word_1_22' title='bbox 1685 1106 2072 1171; x_wconf 75' lang='lat' dir='ltr'><strong><em>habitatores</em></strong></span> <span class='ocrx_word' id='word_1_23' title='bbox 2112 1104 2301 1171; x_wconf 77' lang='lat' dir='ltr'><strong><em>vallis</em></strong></span> <span class='ocrx_word' id='word_1_24' title='bbox 2343 1104 2518 1170; x_wconf 84' lang='lat' dir='ltr'><strong><em>Arni</em></strong></span> <span class='ocrx_word' id='word_1_25' title='bbox 2562 1127 2604 1170; x_wconf 89' lang='lat' dir='ltr'><strong><em>a</em></strong></span> <span class='ocrx_word' id='word_1_26' title='bbox 2633 1104 2885 1187; x_wconf 76' lang='lat' dir='ltr'><strong><em>princi-</em></strong></span> 
     </span>
    </p>
   </div>
   <div class='ocr_carea' id='block_1_3' title="bbox 684 1216 2891 1305">
    <p class='ocr_par' dir='ltr' id='par_1_3' title="bbox 684 1216 2891 1305">
     <span class='ocr_line' id='line_1_5' title="bbox 684 1216 2891 1305; baseline -0.002 -18"><span class='ocrx_word' id='word_1_27' title='bbox 684 1222 799 1305; x_wconf 79' lang='lat' dir='ltr'><strong><em>pio</em></strong></span> <span class='ocrx_word' id='word_1_28' title='bbox 841 1241 1036 1304; x_wconf 77' lang='lat' dir='ltr'><strong><em>usquc</em></strong></span> <span class='ocrx_word' id='word_1_29' title='bbox 1081 1220 1167 1285; x_wconf 85' lang='lat' dir='ltr'><strong><em>ad</em></strong></span> <span class='ocrx_word' id='word_1_30' title='bbox 1210 1220 1435 1300; x_wconf 76' lang='lat' dir='ltr'><strong><em>finem5</em></strong></span> <span class='ocrx_word' id='word_1_31' title='bbox 1483 1224 1543 1284; x_wconf 80' lang='lat' dir='ltr'><strong><em>et</em></strong></span> <span class='ocrx_word' id='word_1_32' title='bbox 1559 1222 1790 1300; x_wconf 76' lang='lat' dir='ltr'><strong><em>postea</em></strong></span> <span class='ocrx_word' id='word_1_33' title='bbox 1826 1216 2312 1283; x_wconf 74' lang='lat' dir='ltr'><strong><em>abhominantur</em></strong></span> <span class='ocrx_word' id='word_1_34' title='bbox 2354 1217 2781 1283; x_wconf 81' lang='lat' dir='ltr'><strong><em>romandiolos</em></strong></span> <span class='ocrx_word' id='word_1_35' title='bbox 2827 1223 2891 1283; x_wconf 85' lang='lat' dir='ltr'><strong><em>ct</em></strong></span> 
     </span>
    </p>
   </div>
   <div class='ocr_carea' id='block_1_4' title="bbox 696 1330 2892 1509">
    <p class='ocr_par' dir='ltr' id='par_1_4' title="bbox 696 1330 2892 1509">
     <span class='ocr_line' id='line_1_6' title="bbox 696 1330 2892 1410; baseline -0 -13"><span class='ocrx_word' id='word_1_36' title='bbox 696 1332 1069 1410; x_wconf 77' lang='lat' dir='ltr'><strong><em>lombardoS,</em></strong></span> <span class='ocrx_word' id='word_1_37' title='bbox 1115 1336 1177 1397; x_wconf 78' lang='lat' dir='ltr'><strong><em>et</em></strong></span> <span class='ocrx_word' id='word_1_38' title='bbox 1219 1332 1381 1397; x_wconf 79' lang='lat' dir='ltr'><strong><em>sicut</em></strong></span> <span class='ocrx_word' id='word_1_39' title='bbox 1425 1350 1635 1396; x_wconf 84' lang='lat' dir='ltr'><strong><em>omnes</em></strong></span> <span class='ocrx_word' id='word_1_40' title='bbox 1691 1330 1957 1396; x_wconf 75' lang='lat' dir='ltr'><strong><em>virtutes</em></strong></span> <span class='ocrx_word' id='word_1_41' title='bbox 2007 1331 2077 1395; x_wconf 84' lang='lat' dir='ltr'><strong><em>in</em></strong></span> <span class='ocrx_word' id='word_1_42' title='bbox 2142 1330 2233 1395; x_wconf 85' lang='lat' dir='ltr'><strong><em>eis</em></strong></span> <span class='ocrx_word' id='word_1_43' title='bbox 2279 1330 2567 1396; x_wconf 76' lang='lat' dir='ltr'><strong><em>extinctae</em></strong></span> <span class='ocrx_word' id='word_1_44' title='bbox 2614 1336 2780 1409; x_wconf 77' lang='lat' dir='ltr'><strong><em>sunt,</em></strong></span> <span class='ocrx_word' id='word_1_45' title='bbox 2832 1336 2892 1396; x_wconf 80' lang='lat' dir='ltr'><strong><em>et</em></strong></span> 
     </span>
     <span class='ocr_line' id='line_1_7' title="bbox 697 1441 1838 1509; baseline -0.003 0"><span class='ocrx_word' id='word_1_46' title='bbox 697 1443 877 1509; x_wconf 79' lang='lat' dir='ltr'><strong><em>nulla</em></strong></span> <span class='ocrx_word' id='word_1_47' title='bbox 918 1441 1220 1508; x_wconf 77' lang='lat' dir='ltr'><strong><em>nobilitas</em></strong></span> <span class='ocrx_word' id='word_1_48' title='bbox 1261 1442 1332 1506; x_wconf 81' lang='lat' dir='ltr'><strong><em>in</em></strong></span> <span class='ocrx_word' id='word_1_49' title='bbox 1379 1442 1471 1507; x_wconf 84' lang='lat' dir='ltr'><strong><em>eis</em></strong></span> <span class='ocrx_word' id='word_1_50' title='bbox 1512 1442 1838 1506; x_wconf 78' lang='lat' dir='ltr'><strong><em>remansit.</em></strong></span> 
     </span>
    </p>
   </div>
   <div class='ocr_carea' id='block_1_5' title="bbox 548 1754 2916 4464">
    <p class='ocr_par' dir='ltr' id='par_1_5' title="bbox 548 1754 2916 4464">
     <span class='ocr_line' id='line_1_8' title="bbox 710 1754 2893 1939; baseline -0.002 -14"><span class='ocrx_word' id='word_1_51' title='bbox 710 1754 932 1925; x_wconf 77' lang='lat' dir='ltr'><strong><em>Cm</em></strong></span> <span class='ocrx_word' id='word_1_52' title='bbox 966 1841 1008 1919; x_wconf 68' lang='lat' dir='ltr'><strong><em>e*</em></strong></span> <span class='ocrx_word' id='word_1_53' title='bbox 1035 1849 1250 1919; x_wconf 84' lang='lat' dir='ltr'><strong><em>costui</em></strong></span> <span class='ocrx_word' id='word_1_54' title='bbox 1280 1848 1400 1920; x_wconf 76' lang='lat' dir='ltr'><strong><em>cho</em></strong></span> <span class='ocrx_word' id='word_1_55' title='bbox 1423 1850 1474 1919; x_wconf 90' lang='lat' dir='ltr'><strong><em>’l</em></strong></span> <span class='ocrx_word' id='word_1_56' title='bbox 1501 1852 1745 1918; x_wconf 80' lang='lat' dir='ltr'><strong><em>nostro</em></strong></span> <span class='ocrx_word' id='word_1_57' title='bbox 1785 1852 2011 1918; x_wconf 81' lang='lat' dir='ltr'><strong><em>monte</em></strong></span> <span class='ocrx_word' id='word_1_58' title='bbox 2042 1849 2336 1920; x_wconf 76' lang='lat' dir='ltr'><strong><em>cerchia.</em></strong></span> <span class='ocrx_word' id='word_1_59' title='bbox 2381 1847 2781 1939; x_wconf 89' lang='lat' dir='ltr'><strong><em>Postquam</em></strong></span> <span class='ocrx_word' id='word_1_60' title='bbox 2819 1847 2893 1920; x_wconf 93' lang='lat' dir='ltr'><strong><em>in</em></strong></span> 
     </span>
     <span class='ocr_line' id='line_1_9' title="bbox 548 1964 2897 2066; baseline -0.002 -22"><span class='ocrx_word' id='word_1_61' title='bbox 548 1968 906 2066; x_wconf 83' lang='lat' dir='ltr'><strong><em>superiori</em></strong></span> <span class='ocrx_word' id='word_1_62' title='bbox 958 1966 1274 2062; x_wconf 86' lang='lat' dir='ltr'><strong><em>capitulo</em></strong></span> <span class='ocrx_word' id='word_1_63' title='bbox 1324 1964 1660 2061; x_wconf 83' lang='lat' dir='ltr'><strong><em>proxime</em></strong></span> <span class='ocrx_word' id='word_1_64' title='bbox 1708 1966 2146 2063; x_wconf 76' lang='lat' dir='ltr'><strong><em>praecedenti</em></strong></span> <span class='ocrx_word' id='word_1_65' title='bbox 2198 1972 2412 2061; x_wconf 89' lang='lat' dir='ltr'><strong><em>poeta</em></strong></span> <span class='ocrx_word' id='word_1_66' title='bbox 2456 1974 2703 2041; x_wconf 89' lang='lat' dir='ltr'><strong><em>noster</em></strong></span> <span class='ocrx_word' id='word_1_67' title='bbox 2739 1974 2897 2040; x_wconf 89' lang='lat' dir='ltr'><strong><em>tra-</em></strong></span> 
     </span>
     <span class='ocr_line' id='line_1_10' title="bbox 551 2085 2897 2183; baseline -0.001 -21"><span class='ocrx_word' id='word_1_68' title='bbox 551 2088 771 2162; x_wconf 80' lang='lat' dir='ltr'><strong><em>ctavit</em></strong></span> <span class='ocrx_word' id='word_1_69' title='bbox 820 2093 896 2161; x_wconf 90' lang='lat' dir='ltr'><strong><em>et</em></strong></span> <span class='ocrx_word' id='word_1_70' title='bbox 942 2085 1453 2160; x_wconf 80' lang='lat' dir='ltr'><strong><em>determinavit</em></strong></span> <span class='ocrx_word' id='word_1_71' title='bbox 1517 2085 1592 2158; x_wconf 88' lang='lat' dir='ltr'><strong><em>in</em></strong></span> <span class='ocrx_word' id='word_1_72' title='bbox 1656 2086 1982 2181; x_wconf 86' lang='lat' dir='ltr'><strong><em>generali</em></strong></span> <span class='ocrx_word' id='word_1_73' title='bbox 2054 2086 2146 2160; x_wconf 91' lang='lat' dir='ltr'><strong><em>de</em></strong></span> <span class='ocrx_word' id='word_1_74' title='bbox 2210 2087 2648 2183; x_wconf 84' lang='lat' dir='ltr'><strong><em>purgatione</em></strong></span> <span class='ocrx_word' id='word_1_75' title='bbox 2707 2087 2897 2162; x_wconf 88' lang='lat' dir='ltr'><strong><em>invi-</em></strong></span> 
     </span>
     <span class='ocr_line' id='line_1_11' title="bbox 552 2198 2898 2303; baseline 0.001 -21"><span class='ocrx_word' id='word_1_76' title='bbox 552 2209 713 2301; x_wconf 86' lang='lat' dir='ltr'><strong><em>diae,</em></strong></span> <span class='ocrx_word' id='word_1_77' title='bbox 765 2226 961 2280; x_wconf 90' lang='lat' dir='ltr'><strong><em>nunc</em></strong></span> <span class='ocrx_word' id='word_1_78' title='bbox 994 2213 1529 2300; x_wconf 88' lang='lat' dir='ltr'><strong><em>consequenter</em></strong></span> <span class='ocrx_word' id='word_1_79' title='bbox 1563 2206 1715 2303; x_wconf 86' lang='lat' dir='ltr'><strong><em>agit</em></strong></span> <span class='ocrx_word' id='word_1_80' title='bbox 1749 2213 1821 2280; x_wconf 90' lang='lat' dir='ltr'><strong><em>et</em></strong></span> <span class='ocrx_word' id='word_1_81' title='bbox 1857 2213 2120 2280; x_wconf 88' lang='lat' dir='ltr'><strong><em>tractat</em></strong></span> <span class='ocrx_word' id='word_1_82' title='bbox 2153 2206 2225 2279; x_wconf 95' lang='lat' dir='ltr'><strong><em>in</em></strong></span> <span class='ocrx_word' id='word_1_83' title='bbox 2262 2198 2549 2302; x_wconf 82' lang='lat' dir='ltr'><strong><em>speciali</em></strong></span> <span class='ocrx_word' id='word_1_84' title='bbox 2602 2208 2694 2282; x_wconf 94' lang='lat' dir='ltr'><strong><em>de</em></strong></span> <span class='ocrx_word' id='word_1_85' title='bbox 2748 2229 2898 2284; x_wconf 90' lang='lat' dir='ltr'><strong><em>una</em></strong></span> 
     </span>
     <span class='ocr_line' id='line_1_12' title="bbox 552 2326 2897 2425; baseline -0.001 -23"><span class='ocrx_word' id='word_1_86' title='bbox 552 2335 773 2425; x_wconf 84' lang='lat' dir='ltr'><strong><em>gente</em></strong></span> <span class='ocrx_word' id='word_1_87' title='bbox 821 2327 897 2399; x_wconf 91' lang='lat' dir='ltr'><strong><em>in</em></strong></span> <span class='ocrx_word' id='word_1_88' title='bbox 948 2347 1096 2420; x_wconf 94' lang='lat' dir='ltr'><strong><em>qua</em></strong></span> <span class='ocrx_word' id='word_1_89' title='bbox 1156 2327 1474 2399; x_wconf 89' lang='lat' dir='ltr'><strong><em>multum</em></strong></span> <span class='ocrx_word' id='word_1_90' title='bbox 1530 2333 1788 2422; x_wconf 85' lang='lat' dir='ltr'><strong><em>regnat</em></strong></span> <span class='ocrx_word' id='word_1_91' title='bbox 1845 2326 2134 2415; x_wconf 81' lang='lat' dir='ltr'><strong><em>invidia.</em></strong></span> <span class='ocrx_word' id='word_1_92' title='bbox 2188 2328 2274 2399; x_wconf 91' lang='lat' dir='ltr'><strong><em>Et</em></strong></span> <span class='ocrx_word' id='word_1_93' title='bbox 2326 2349 2646 2422; x_wconf 76' lang='lat' dir='ltr'><strong><em>praesens</em></strong></span> <span class='ocrx_word' id='word_1_94' title='bbox 2696 2327 2897 2423; x_wconf 86' lang='lat' dir='ltr'><strong><em>capi-</em></strong></span> 
     </span>
     <span class='ocr_line' id='line_1_13' title="bbox 555 2445 2897 2543; baseline -0 -22"><span class='ocrx_word' id='word_1_95' title='bbox 555 2448 790 2521; x_wconf 91' lang='lat' dir='ltr'><strong><em>tulum</em></strong></span> <span class='ocrx_word' id='word_1_96' title='bbox 846 2447 1001 2520; x_wconf 91' lang='lat' dir='ltr'><strong><em>XIV</em></strong></span> <span class='ocrx_word' id='word_1_97' title='bbox 1052 2453 1340 2542; x_wconf 82' lang='lat' dir='ltr'><strong><em>oportet</em></strong></span> <span class='ocrx_word' id='word_1_98' title='bbox 1396 2445 1722 2520; x_wconf 88' lang='lat' dir='ltr'><strong><em>dividere</em></strong></span> <span class='ocrx_word' id='word_1_99' title='bbox 1780 2446 1855 2519; x_wconf 92' lang='lat' dir='ltr'><strong><em>in</em></strong></span> <span class='ocrx_word' id='word_1_100' title='bbox 1915 2452 2235 2540; x_wconf 90' lang='lat' dir='ltr'><strong><em>quatuor</em></strong></span> <span class='ocrx_word' id='word_1_101' title='bbox 2277 2454 2521 2541; x_wconf 89' lang='lat' dir='ltr'><strong><em>partes</em></strong></span> <span class='ocrx_word' id='word_1_102' title='bbox 2579 2467 2897 2543; x_wconf 84' lang='lat' dir='ltr'><strong><em>genera-</em></strong></span> 
     </span>
     <span class='ocr_line' id='line_1_14' title="bbox 554 2566 2897 2662; baseline -0.001 -20"><span class='ocrx_word' id='word_1_103' title='bbox 554 2569 677 2642; x_wconf 80' lang='lat' dir='ltr'><strong><em>les,</em></strong></span> <span class='ocrx_word' id='word_1_104' title='bbox 747 2569 826 2640; x_wconf 91' lang='lat' dir='ltr'><strong><em>In</em></strong></span> <span class='ocrx_word' id='word_1_105' title='bbox 903 2567 1138 2661; x_wconf 89' lang='lat' dir='ltr'><strong><em>prima</em></strong></span> <span class='ocrx_word' id='word_1_106' title='bbox 1206 2587 1527 2660; x_wconf 89' lang='lat' dir='ltr'><strong><em>quarum</em></strong></span> <span class='ocrx_word' id='word_1_107' title='bbox 1602 2571 1818 2662; x_wconf 89' lang='lat' dir='ltr'><strong><em>poeta</em></strong></span> <span class='ocrx_word' id='word_1_108' title='bbox 1887 2566 2280 2639; x_wconf 88' lang='lat' dir='ltr'><strong><em>introducit</em></strong></span> <span class='ocrx_word' id='word_1_109' title='bbox 2348 2567 2533 2640; x_wconf 89' lang='lat' dir='ltr'><strong><em>duos</em></strong></span> <span class='ocrx_word' id='word_1_110' title='bbox 2601 2566 2897 2662; x_wconf 89' lang='lat' dir='ltr'><strong><em>spiritus</em></strong></span> 
     </span>
     <span class='ocr_line' id='line_1_15' title="bbox 556 2686 2894 2787; baseline -0.001 -25"><span class='ocrx_word' id='word_1_111' title='bbox 556 2689 890 2787; x_wconf 85' lang='lat' dir='ltr'><strong><em>egregios</em></strong></span> <span class='ocrx_word' id='word_1_112' title='bbox 938 2688 1262 2761; x_wconf 89' lang='lat' dir='ltr'><strong><em>duorum</em></strong></span> <span class='ocrx_word' id='word_1_113' title='bbox 1313 2686 1691 2781; x_wconf 87' lang='lat' dir='ltr'><strong><em>nobilium,</em></strong></span> <span class='ocrx_word' id='word_1_114' title='bbox 1734 2686 1826 2760; x_wconf 90' lang='lat' dir='ltr'><strong><em>de</em></strong></span> <span class='ocrx_word' id='word_1_115' title='bbox 1879 2686 2096 2759; x_wconf 90' lang='lat' dir='ltr'><strong><em>nobili</em></strong></span> <span class='ocrx_word' id='word_1_116' title='bbox 2148 2687 2520 2781; x_wconf 85' lang='lat' dir='ltr'><strong><em>provincia</em></strong></span> <span class='ocrx_word' id='word_1_117' title='bbox 2572 2689 2894 2761; x_wconf 89' lang='lat' dir='ltr'><strong><em>Roman-</em></strong></span> 
     </span>
     <span class='ocr_line' id='line_1_16' title="bbox 558 2806 2900 2903; baseline -0.002 -19"><span class='ocrx_word' id='word_1_118' title='bbox 558 2811 789 2903; x_wconf 86' lang='lat' dir='ltr'><strong><em>diolae,</em></strong></span> <span class='ocrx_word' id='word_1_119' title='bbox 842 2809 967 2902; x_wconf 92' lang='lat' dir='ltr'><strong><em>qui</em></strong></span> <span class='ocrx_word' id='word_1_120' title='bbox 1019 2808 1400 2901; x_wconf 90' lang='lat' dir='ltr'><strong><em>inquirunt</em></strong></span> <span class='ocrx_word' id='word_1_121' title='bbox 1449 2806 1541 2881; x_wconf 94' lang='lat' dir='ltr'><strong><em>de</em></strong></span> <span class='ocrx_word' id='word_1_122' title='bbox 1591 2828 1704 2882; x_wconf 90' lang='lat' dir='ltr'><strong><em>eo.</em></strong></span> <span class='ocrx_word' id='word_1_123' title='bbox 1758 2809 1837 2880; x_wconf 94' lang='lat' dir='ltr'><strong><em>In</em></strong></span> <span class='ocrx_word' id='word_1_124' title='bbox 1889 2807 2209 2881; x_wconf 88' lang='lat' dir='ltr'><strong><em>secunda</em></strong></span> <span class='ocrx_word' id='word_1_125' title='bbox 2270 2807 2440 2881; x_wconf 81' lang='lat' dir='ltr'><strong><em>facit</em></strong></span> <span class='ocrx_word' id='word_1_126' title='bbox 2501 2828 2726 2881; x_wconf 90' lang='lat' dir='ltr'><strong><em>unam</em></strong></span> <span class='ocrx_word' id='word_1_127' title='bbox 2787 2806 2900 2880; x_wconf 90' lang='lat' dir='ltr'><strong><em>di-</em></strong></span> 
     </span>
     <span class='ocr_line' id='line_1_17' title="bbox 560 2928 2906 3027; baseline -0 -25"><span class='ocrx_word' id='word_1_128' title='bbox 560 2930 1011 3027; x_wconf 83' lang='lat' dir='ltr'><strong><em>gressionem</em></strong></span> <span class='ocrx_word' id='word_1_129' title='bbox 1062 2929 1155 3002; x_wconf 90' lang='lat' dir='ltr'><strong><em>ad</em></strong></span> <span class='ocrx_word' id='word_1_130' title='bbox 1202 2928 1755 3002; x_wconf 84' lang='lat' dir='ltr'><strong><em>describendam</em></strong></span> <span class='ocrx_word' id='word_1_131' title='bbox 1807 2929 2076 3002; x_wconf 82' lang='lat' dir='ltr'><strong><em>vallem</em></strong></span> <span class='ocrx_word' id='word_1_132' title='bbox 2111 2928 2285 3000; x_wconf 88' lang='lat' dir='ltr'><strong><em>Arni</em></strong></span> <span class='ocrx_word' id='word_1_133' title='bbox 2337 2949 2508 3001; x_wconf 89' lang='lat' dir='ltr'><strong><em>cum</em></strong></span> <span class='ocrx_word' id='word_1_134' title='bbox 2565 2928 2906 3002; x_wconf 89' lang='lat' dir='ltr'><strong><em>habitan-</em></strong></span> 
     </span>
     <span class='ocr_line' id='line_1_18' title="bbox 563 3047 2908 3142; baseline -0 -20"><span class='ocrx_word' id='word_1_135' title='bbox 563 3049 779 3142; x_wconf 90' lang='lat' dir='ltr'><strong><em>tibus,</em></strong></span> <span class='ocrx_word' id='word_1_136' title='bbox 830 3055 905 3122; x_wconf 93' lang='lat' dir='ltr'><strong><em>et</em></strong></span> <span class='ocrx_word' id='word_1_137' title='bbox 954 3048 1027 3120; x_wconf 92' lang='lat' dir='ltr'><strong><em>in</em></strong></span> <span class='ocrx_word' id='word_1_138' title='bbox 1078 3048 1366 3141; x_wconf 87' lang='lat' dir='ltr'><strong><em>speciali</em></strong></span> <span class='ocrx_word' id='word_1_139' title='bbox 1402 3047 1896 3122; x_wconf 88' lang='lat' dir='ltr'><strong><em>turbationem</em></strong></span> <span class='ocrx_word' id='word_1_140' title='bbox 1942 3047 2350 3142; x_wconf 67' lang='lat' dir='ltr'><strong><em>Florentiae,</em></strong></span> <span class='ocrx_word' id='word_1_141' title='bbox 2388 3048 2524 3120; x_wconf 90' lang='lat' dir='ltr'><strong><em>ibi:</em></strong></span> <span class='ocrx_word' id='word_1_142' title='bbox 2562 3053 2626 3120; x_wconf 90' lang='lat' dir='ltr'><em>E</em></span> <span class='ocrx_word' id='word_1_143' title='bbox 2652 3051 2696 3120; x_wconf 74' lang='grc' dir='ltr'><em>Γ</em></span> <span class='ocrx_word' id='word_1_144' title='bbox 2716 3051 2908 3122; x_wconf 82' lang='lat' dir='ltr'><strong><em>altro</em></strong></span> 
     </span>
     <span class='ocr_line' id='line_1_19' title="bbox 561 3167 2910 3264; baseline -0.001 -20"><span class='ocrx_word' id='word_1_145' title='bbox 561 3171 761 3244; x_wconf 83' lang='lat' dir='ltr'><strong><em>disse.</em></strong></span> <span class='ocrx_word' id='word_1_146' title='bbox 815 3170 894 3242; x_wconf 92' lang='lat' dir='ltr'><strong><em>In</em></strong></span> <span class='ocrx_word' id='word_1_147' title='bbox 946 3168 1158 3244; x_wconf 91' lang='lat' dir='ltr'><strong><em>tertia</em></strong></span> <span class='ocrx_word' id='word_1_148' title='bbox 1209 3167 1554 3243; x_wconf 90' lang='lat' dir='ltr'><strong><em>describit</em></strong></span> <span class='ocrx_word' id='word_1_149' title='bbox 1602 3167 1830 3242; x_wconf 88' lang='lat' dir='ltr'><strong><em>dictos</em></strong></span> <span class='ocrx_word' id='word_1_150' title='bbox 1881 3168 2067 3242; x_wconf 91' lang='lat' dir='ltr'><strong><em>duos</em></strong></span> <span class='ocrx_word' id='word_1_151' title='bbox 2106 3167 2425 3262; x_wconf 80' lang='lat' dir='ltr'><strong><em>spirituS,</em></strong></span> <span class='ocrx_word' id='word_1_152' title='bbox 2462 3176 2534 3242; x_wconf 93' lang='lat' dir='ltr'><strong><em>et</em></strong></span> <span class='ocrx_word' id='word_1_153' title='bbox 2575 3167 2910 3264; x_wconf 85' lang='lat' dir='ltr'><strong><em>deplorat</em></strong></span> 
     </span>
     <span class='ocr_line' id='line_1_20' title="bbox 565 3288 2910 3383; baseline 0 -20"><span class='ocrx_word' id='word_1_154' title='bbox 565 3289 1056 3365; x_wconf 86' lang='lat' dir='ltr'><strong><em>Romandiolae</em></strong></span> <span class='ocrx_word' id='word_1_155' title='bbox 1107 3290 1614 3383; x_wconf 89' lang='lat' dir='ltr'><strong><em>mutationem,</em></strong></span> <span class='ocrx_word' id='word_1_156' title='bbox 1651 3288 1783 3362; x_wconf 88' lang='lat' dir='ltr'><strong><em>ibi:</em></strong></span> <span class='ocrx_word' id='word_1_157' title='bbox 1841 3293 1938 3360; x_wconf 91' lang='lat' dir='ltr'><strong><em>Lo</em></strong></span> <span class='ocrx_word' id='word_1_158' title='bbox 1983 3292 2098 3362; x_wconf 85' lang='lat' dir='ltr'><strong><em>dir</em></strong></span> <span class='ocrx_word' id='word_1_159' title='bbox 2131 3292 2287 3362; x_wconf 84' lang='lat' dir='ltr'><strong><em>dell’</em></strong></span> <span class='ocrx_word' id='word_1_160' title='bbox 2312 3311 2477 3363; x_wconf 76' lang='lat' dir='ltr'><strong><em>una.</em></strong></span> <span class='ocrx_word' id='word_1_161' title='bbox 2518 3290 2597 3361; x_wconf 94' lang='lat' dir='ltr'><strong><em>In</em></strong></span> <span class='ocrx_word' id='word_1_162' title='bbox 2643 3294 2910 3382; x_wconf 89' lang='lat' dir='ltr'><strong><em>quarta</em></strong></span> 
     </span>
     <span class='ocr_line' id='line_1_21' title="bbox 566 3406 2911 3502; baseline 0.001 -18"><span class='ocrx_word' id='word_1_163' title='bbox 566 3417 638 3484; x_wconf 88' lang='lat' dir='ltr'><strong><em>et</em></strong></span> <span class='ocrx_word' id='word_1_164' title='bbox 691 3409 947 3483; x_wconf 89' lang='lat' dir='ltr'><strong><em>ultima</em></strong></span> <span class='ocrx_word' id='word_1_165' title='bbox 998 3416 1260 3484; x_wconf 88' lang='lat' dir='ltr'><strong><em>tractat</em></strong></span> <span class='ocrx_word' id='word_1_166' title='bbox 1309 3410 1403 3483; x_wconf 93' lang='lat' dir='ltr'><strong><em>de</em></strong></span> <span class='ocrx_word' id='word_1_167' title='bbox 1462 3407 1691 3480; x_wconf 76' lang='lat' dir='ltr'><strong><em>fraeno</em></strong></span> <span class='ocrx_word' id='word_1_168' title='bbox 1753 3428 1905 3501; x_wconf 90' lang='lat' dir='ltr'><strong><em>quo</em></strong></span> <span class='ocrx_word' id='word_1_169' title='bbox 1974 3408 2195 3502; x_wconf 89' lang='lat' dir='ltr'><strong><em>possit</em></strong></span> <span class='ocrx_word' id='word_1_170' title='bbox 2256 3406 2588 3482; x_wconf 85' lang='lat' dir='ltr'><strong><em>revocari</em></strong></span> <span class='ocrx_word' id='word_1_171' title='bbox 2653 3406 2911 3486; x_wconf 88' lang='lat' dir='ltr'><strong><em>vitium</em></strong></span> 
     </span>
     <span class='ocr_line' id='line_1_22' title="bbox 567 3526 2911 3624; baseline -0.001 -21"><span class='ocrx_word' id='word_1_172' title='bbox 567 3530 875 3624; x_wconf 80' lang='lat' dir='ltr'><strong><em>invidiae,</em></strong></span> <span class='ocrx_word' id='word_1_173' title='bbox 926 3529 1060 3604; x_wconf 90' lang='lat' dir='ltr'><strong><em>ibi:</em></strong></span> <span class='ocrx_word' id='word_1_174' title='bbox 1120 3532 1254 3601; x_wconf 90' lang='lat' dir='ltr'><strong><em>Noi</em></strong></span> <span class='ocrx_word' id='word_1_175' title='bbox 1299 3549 1654 3621; x_wconf 82' lang='lat' dir='ltr'><strong><em>sapevam.</em></strong></span> <span class='ocrx_word' id='word_1_176' title='bbox 1710 3526 1816 3601; x_wconf 83' lang='lat' dir='ltr'><strong><em>Ad</em></strong></span> <span class='ocrx_word' id='word_1_177' title='bbox 1869 3528 2192 3622; x_wconf 91' lang='lat' dir='ltr'><strong><em>primum</em></strong></span> <span class='ocrx_word' id='word_1_178' title='bbox 2258 3548 2439 3623; x_wconf 85' lang='lat' dir='ltr'><strong><em>ergo</em></strong></span> <span class='ocrx_word' id='word_1_179' title='bbox 2501 3528 2660 3601; x_wconf 88' lang='lat' dir='ltr'><strong><em>dico</em></strong></span> <span class='ocrx_word' id='word_1_180' title='bbox 2713 3528 2911 3622; x_wconf 90' lang='lat' dir='ltr'><strong><em>quod</em></strong></span> 
     </span>
     <span class='ocr_line' id='line_1_23' title="bbox 567 3647 2914 3745; baseline -0.001 -22"><span class='ocrx_word' id='word_1_181' title='bbox 567 3656 781 3745; x_wconf 83' lang='lat' dir='ltr'><strong><em>poeta</em></strong></span> <span class='ocrx_word' id='word_1_182' title='bbox 829 3648 1224 3723; x_wconf 89' lang='lat' dir='ltr'><strong><em>introducit</em></strong></span> <span class='ocrx_word' id='word_1_183' title='bbox 1273 3648 1459 3723; x_wconf 90' lang='lat' dir='ltr'><strong><em>duos</em></strong></span> <span class='ocrx_word' id='word_1_184' title='bbox 1496 3647 1775 3722; x_wconf 87' lang='lat' dir='ltr'><strong><em>nobiles</em></strong></span> <span class='ocrx_word' id='word_1_185' title='bbox 1808 3648 1901 3721; x_wconf 95' lang='lat' dir='ltr'><strong><em>de</em></strong></span> <span class='ocrx_word' id='word_1_186' title='bbox 1942 3647 2416 3721; x_wconf 88' lang='lat' dir='ltr'><strong><em>Romandiola</em></strong></span> <span class='ocrx_word' id='word_1_187' title='bbox 2461 3647 2914 3740; x_wconf 88' lang='lat' dir='ltr'><strong><em>inquirentes</em></strong></span> 
     </span>
     <span class='ocr_line' id='line_1_24' title="bbox 569 3766 2915 3864; baseline -0 -23"><span class='ocrx_word' id='word_1_188' title='bbox 569 3768 663 3842; x_wconf 90' lang='lat' dir='ltr'><strong><em>de</em></strong></span> <span class='ocrx_word' id='word_1_189' title='bbox 711 3788 821 3842; x_wconf 89' lang='lat' dir='ltr'><strong><em>eo.</em></strong></span> <span class='ocrx_word' id='word_1_190' title='bbox 875 3768 963 3840; x_wconf 91' lang='lat' dir='ltr'><strong><em>Et</em></strong></span> <span class='ocrx_word' id='word_1_191' title='bbox 1025 3767 1116 3841; x_wconf 94' lang='lat' dir='ltr'><strong><em>ad</em></strong></span> <span class='ocrx_word' id='word_1_192' title='bbox 1175 3768 1647 3864; x_wconf 89' lang='lat' dir='ltr'><strong><em>aperiendam</em></strong></span> <span class='ocrx_word' id='word_1_193' title='bbox 1700 3768 1896 3843; x_wconf 83' lang='lat' dir='ltr'><strong><em>viam</em></strong></span> <span class='ocrx_word' id='word_1_194' title='bbox 1958 3767 2051 3841; x_wconf 89' lang='lat' dir='ltr'><strong><em>ad</em></strong></span> <span class='ocrx_word' id='word_1_195' title='bbox 2114 3769 2301 3840; x_wconf 86' lang='lat' dir='ltr'><strong><em>hanc</em></strong></span> <span class='ocrx_word' id='word_1_196' title='bbox 2363 3766 2746 3840; x_wconf 88' lang='lat' dir='ltr'><strong><em>materiam</em></strong></span> <span class='ocrx_word' id='word_1_197' title='bbox 2802 3773 2915 3840; x_wconf 89' lang='lat' dir='ltr'><strong><em>est</em></strong></span> 
     </span>
     <span class='ocr_line' id='line_1_25' title="bbox 570 3880 2910 3983; baseline -0.001 -23"><span class='ocrx_word' id='word_1_198' title='bbox 570 3887 808 3983; x_wconf 90' lang='lat' dir='ltr'><strong><em>primo</em></strong></span> <span class='ocrx_word' id='word_1_199' title='bbox 858 3886 1256 3981; x_wconf 87' lang='lat' dir='ltr'><strong><em>sciendum,</em></strong></span> <span class='ocrx_word' id='word_1_200' title='bbox 1300 3888 1498 3982; x_wconf 90' lang='lat' dir='ltr'><strong><em>quod</em></strong></span> <span class='ocrx_word' id='word_1_201' title='bbox 1531 3887 1644 3962; x_wconf 91' lang='lat' dir='ltr'><strong><em>isti</em></strong></span> <span class='ocrx_word' id='word_1_202' title='bbox 1678 3887 1826 3960; x_wconf 92' lang='lat' dir='ltr'><strong><em>duo</em></strong></span> <span class='ocrx_word' id='word_1_203' title='bbox 1861 3886 2155 3980; x_wconf 88' lang='lat' dir='ltr'><strong><em>spiritus</em></strong></span> <span class='ocrx_word' id='word_1_204' title='bbox 2207 3885 2560 3959; x_wconf 86' lang='lat' dir='ltr'><strong><em>notabiles</em></strong></span> <span class='ocrx_word' id='word_1_205' title='bbox 2602 3880 2910 3978; x_wconf 78' lang='lat' dir='ltr'><strong><em>erant(&#39;)</em></strong></span> 
     </span>
     <span class='ocr_line' id='line_1_26' title="bbox 573 4005 2915 4103; baseline 0.001 -25"><span class='ocrx_word' id='word_1_206' title='bbox 573 4005 870 4100; x_wconf 89' lang='lat' dir='ltr'><strong><em>quidam</em></strong></span> <span class='ocrx_word' id='word_1_207' title='bbox 941 4006 1195 4081; x_wconf 88' lang='lat' dir='ltr'><strong><em>nobilis</em></strong></span> <span class='ocrx_word' id='word_1_208' title='bbox 1248 4009 1357 4083; x_wconf 88' lang='lat' dir='ltr'><strong><em>vir</em></strong></span> <span class='ocrx_word' id='word_1_209' title='bbox 1427 4015 1503 4082; x_wconf 88' lang='lat' dir='ltr'><strong><em>et</em></strong></span> <span class='ocrx_word' id='word_1_210' title='bbox 1565 4006 1886 4103; x_wconf 85' lang='lat' dir='ltr'><strong><em>prudens</em></strong></span> <span class='ocrx_word' id='word_1_211' title='bbox 1953 4006 2449 4080; x_wconf 90' lang='lat' dir='ltr'><strong><em>romandiolus</em></strong></span> <span class='ocrx_word' id='word_1_212' title='bbox 2509 4006 2599 4080; x_wconf 92' lang='lat' dir='ltr'><strong><em>de</em></strong></span> <span class='ocrx_word' id='word_1_213' title='bbox 2658 4006 2915 4082; x_wconf 88' lang='lat' dir='ltr'><strong><em>Brete-</em></strong></span> 
     </span>
     <span class='ocr_line' id='line_1_27' title="bbox 574 4125 2916 4220; baseline 0 -21"><span class='ocrx_word' id='word_1_214' title='bbox 574 4126 805 4219; x_wconf 90' lang='lat' dir='ltr'><strong><em>norio,</em></strong></span> <span class='ocrx_word' id='word_1_215' title='bbox 856 4132 1157 4200; x_wconf 82' lang='lat' dir='ltr'><strong><em>vocatus</em></strong></span> <span class='ocrx_word' id='word_1_216' title='bbox 1207 4127 1442 4201; x_wconf 90' lang='lat' dir='ltr'><strong><em>Guido</em></strong></span> <span class='ocrx_word' id='word_1_217' title='bbox 1493 4125 1610 4202; x_wconf 94' lang='lat' dir='ltr'><strong><em>del</em></strong></span> <span class='ocrx_word' id='word_1_218' title='bbox 1660 4128 1899 4201; x_wconf 86' lang='lat' dir='ltr'><strong><em>Duca:</em></strong></span> <span class='ocrx_word' id='word_1_219' title='bbox 1936 4128 2121 4200; x_wconf 90' lang='lat' dir='ltr'><strong><em>alter</em></strong></span> <span class='ocrx_word' id='word_1_220' title='bbox 2168 4146 2346 4199; x_wconf 90' lang='lat' dir='ltr'><strong><em>vero</em></strong></span> <span class='ocrx_word' id='word_1_221' title='bbox 2397 4132 2558 4199; x_wconf 88' lang='lat' dir='ltr'><strong><em>erat</em></strong></span> <span class='ocrx_word' id='word_1_222' title='bbox 2596 4126 2706 4201; x_wconf 87' lang='lat' dir='ltr'><strong><em>vir</em></strong></span> <span class='ocrx_word' id='word_1_223' title='bbox 2742 4147 2916 4220; x_wconf 91' lang='lat' dir='ltr'><strong><em>pro-</em></strong></span> 
     </span>
     <span class='ocr_line' id='line_1_28' title="bbox 573 4246 2916 4342; baseline 0.001 -22"><span class='ocrx_word' id='word_1_224' title='bbox 573 4247 712 4321; x_wconf 87' lang='lat' dir='ltr'><strong><em>bus</em></strong></span> <span class='ocrx_word' id='word_1_225' title='bbox 752 4247 841 4321; x_wconf 91' lang='lat' dir='ltr'><strong><em>de</em></strong></span> <span class='ocrx_word' id='word_1_226' title='bbox 881 4247 1194 4323; x_wconf 87' lang='lat' dir='ltr'><strong><em>Forlivio</em></strong></span> <span class='ocrx_word' id='word_1_227' title='bbox 1245 4247 1337 4321; x_wconf 92' lang='lat' dir='ltr'><strong><em>de</em></strong></span> <span class='ocrx_word' id='word_1_228' title='bbox 1372 4247 1590 4322; x_wconf 88' lang='lat' dir='ltr'><strong><em>nobili</em></strong></span> <span class='ocrx_word' id='word_1_229' title='bbox 1626 4247 1848 4322; x_wconf 91' lang='lat' dir='ltr'><strong><em>domo</em></strong></span> <span class='ocrx_word' id='word_1_230' title='bbox 1883 4246 2468 4340; x_wconf 84' lang='lat' dir='ltr'><strong><em>Calbulensium3</em></strong></span> <span class='ocrx_word' id='word_1_231' title='bbox 2506 4246 2631 4340; x_wconf 90' lang='lat' dir='ltr'><strong><em>qui</em></strong></span> <span class='ocrx_word' id='word_1_232' title='bbox 2666 4247 2916 4342; x_wconf 91' lang='lat' dir='ltr'><strong><em>ambo,</em></strong></span> 
     </span>
     <span class='ocr_line' id='line_1_29' title="bbox 571 4365 2913 4464; baseline 0 -22"><span class='ocrx_word' id='word_1_233' title='bbox 571 4367 819 4442; x_wconf 88' lang='lat' dir='ltr'><strong><em>audito</em></strong></span> <span class='ocrx_word' id='word_1_234' title='bbox 871 4367 1234 4462; x_wconf 88' lang='lat' dir='ltr'><strong><em>colloquio</em></strong></span> <span class='ocrx_word' id='word_1_235' title='bbox 1285 4366 1603 4441; x_wconf 76' lang='lat' dir='ltr'><strong><em>dominae</em></strong></span> <span class='ocrx_word' id='word_1_236' title='bbox 1652 4365 1888 4464; x_wconf 82' lang='lat' dir='ltr'><strong><em>Sapiae</em></strong></span> <span class='ocrx_word' id='word_1_237' title='bbox 1936 4389 2104 4443; x_wconf 88' lang='lat' dir='ltr'><strong><em>cum</em></strong></span> <span class='ocrx_word' id='word_1_238' title='bbox 2168 4369 2424 4460; x_wconf 87' lang='lat' dir='ltr'><strong><em>Dante,</em></strong></span> <span class='ocrx_word' id='word_1_239' title='bbox 2478 4374 2552 4442; x_wconf 90' lang='lat' dir='ltr'><strong><em>et</em></strong></span> <span class='ocrx_word' id='word_1_240' title='bbox 2612 4389 2704 4442; x_wconf 84' lang='lat' dir='ltr'><strong><em>ex</em></strong></span> <span class='ocrx_word' id='word_1_241' title='bbox 2774 4368 2913 4442; x_wconf 91' lang='lat' dir='ltr'><strong><em>hoc</em></strong></span> 
     </span>
    </p>
   </div>
   <div class='ocr_carea' id='block_1_6' title="bbox 697 4629 1657 4694">
    <p class='ocr_par' dir='ltr' id='par_1_6' title="bbox 697 4629 1657 4694">
     <span class='ocr_line' id='line_1_30' title="bbox 697 4629 1657 4694; baseline 0 -14"><span class='ocrx_word' id='word_1_242' title='bbox 697 4629 751 4692; x_wconf 87' lang='lat'><strong><em>(¹)</em></strong></span> <span class='ocrx_word' id='word_1_243' title='bbox 786 4632 875 4679; x_wconf 84' lang='lat'><strong><em>1¹7</em></strong></span> <span class='ocrx_word' id='word_1_244' title='bbox 907 4642 938 4678; x_wconf 82' lang='lat' dir='ltr'><strong><em>e</em></strong></span> <span class='ocrx_word' id='word_1_245' title='bbox 969 4629 1030 4680; x_wconf 87' lang='lat' dir='ltr'><strong><em>B.</em></strong></span> <span class='ocrx_word' id='word_1_246' title='bbox 1064 4635 1231 4690; x_wconf 77' lang='lat' dir='ltr'><strong><em>erant,</em></strong></span> <span class='ocrx_word' id='word_1_247' title='bbox 1264 4643 1398 4679; x_wconf 78' lang='lat' dir='ltr'><strong><em>unus</em></strong></span> <span class='ocrx_word' id='word_1_248' title='bbox 1430 4630 1657 4694; x_wconf 79' lang='lat' dir='ltr'><strong><em>quidam.</em></strong></span> 
     </span>
    </p>
   </div>
  </div>
 </body>
</html>
