3704 5559
841 499 981 566 550
1621 514 1848 565 nvmzx
1901 514 2080 567 ‘rom
2128 514 2390 566 marn.

835 658 1101 710 CANTUS
1133 658 1443 717 DECIMUS,
1464 660 1517 709 in
1537 673 1641 722 quo
1662 665 1849 710 tractat
1867 660 2000 711 sicut
2021 665 2291 724 postquam
2309 659 2501 710 suerint
2524 659 2737 723 ingressi
2755 664 2957 721 portam
2976 659 3056 708 vi-

961 736 1149 785 derunt
1169 735 1426 797 sculptilia
1442 736 1494 784 in
1508 736 1727 798 quadam
1744 749 1900 799 rupe;
1916 741 1967 787 et
1980 737 2146 799 primo
2165 737 2404 801 angelum
2420 736 2816 786 annunciantem
2828 736 3052 787 Matrem

962 811 1183 872 Domini,
1217 826 1276 862 ac
1309 814 1462 862 etiam
1499 814 1777 863 Traianum
1808 814 2197 877 imperatorem,
2226 818 2278 864 et
2313 814 2519 863 viduam
2554 819 2814 876 petentem
2848 813 3056 863 miseri-

961 889 1216 951 cordiam;
1251 894 1304 939 et
1336 891 1386 939 in
1419 890 1519 940 fine
1551 891 1615 939 de
1648 891 1941 941 inventione
1974 892 2320 954 superborum
2353 896 2690 942 oneratorum
2722 890 2895 953 petris.
2929 890 3052 952 Pag.
3086 893 3185 938 27⁴

834 993 1099 1045 CANTUS
1132 994 1428 1045 DECIMUS
1460 995 1730 1054 PRIMUS,
1765 997 1817 1045 in
1848 1010 1955 1059 quo
1986 1001 2176 1046 tractat
2199 995 2263 1046 de
2287 996 2480 1046 eisdem
2501 995 2736 1057 superbis
2753 993 3054 1044 canentibus

960 1071 1113 1121 Pater
1144 1077 1320 1120 noster
1352 1072 1650 1135 rogantibus
1681 1085 1770 1123 eos
1802 1078 1863 1122 nt
1895 1078 2105 1134 precent
2141 1087 2236 1136 pro
2271 1074 2343 1123 eis
2375 1072 2470 1122 sub
2503 1072 2656 1122 titulo
2678 1071 2956 1121 Hnmberti
2986 1069 3051 1118 de

962 1147 1107 1197 Senis
1138 1153 1188 1196 et
1223 1147 1446 1196 aliorum
1479 1147 1795 1208 multorum3
1829 1152 1884 1197 et
1916 1148 2003 1196 hic
2034 1148 2266 1197 declarat
2299 1149 2536 1198 dominus
2555 1148 2918 1198 Provenzanus
2937 1145 3053 1194 Sal-

963 1224 1077 1272 vani
1111 1223 1173 1272 de
1205 1222 1347 1272 Senis
1379 1223 1511 1272 sicut
1542 1223 1707 1273 inanis
1742 1223 1906 1287 gloria
1939 1225 2118 1274 mundi
2149 1230 2226 1274 est
2259 1231 2442 1275 ventus
2468 1257 3049 1274 ...................
3080 1223 3179 1269 290

833 1327 1098 1378 CANTUS
1132 1327 1427 1378 DECIMUS
1459 1327 1814 1388 SECUNDUS,
1850 1329 1903 1376 in
1936 1342 2040 1391 quo
2072 1328 2282 1391 exponit
2315 1329 2448 1378 sicut
2488 1329 2542 1377 in
2561 1327 2733 1378 medio
2752 1326 2950 1377 itineris
2972 1326 3053 1375 in-

957 1410 1212 1456 venerunt
1242 1405 1405 1454 multa
1436 1404 1693 1467 sculptilia
1725 1403 1855 1453 olim
1887 1405 2234 1467 superborum
2265 1418 2395 1467 quos
2433 1417 2613 1454 omnes
2636 1404 2884 1454 nominat.
2909 1404 2976 1452 Et
3000 1404 3052 1452 in

956 1482 1056 1532 flne
1089 1482 1222 1531 sicut
1253 1481 1463 1545 quidam
1495 1483 1708 1544 angelus
1739 1480 1918 1531 docuit
1948 1481 2084 1543 ipsos
2119 1482 2233 1541 iter,
2266 1486 2321 1531 et
2353 1483 2484 1531 sicut
2515 1481 2583 1531 ibi
2622 1481 2934 1532 audiverunt
2956 1494 3051 1530 vo-

959 1570 1043 1607 ces
1074 1558 1371 1621 aliquorum
1404 1557 1679 1619 spirituum
1714 1556 1916 1606 invidiae
1929 1593 3050 1608 ....................................
3081 1561 3175 1606 322

837 1660 1104 1712 CANTUS
1138 1660 1433 1711 DECIMUS
1468 1661 1775 1721 TERTIUS,
1808 1663 1861 1711 in
1894 1676 1998 1725 quo
2043 1667 2228 1712 tractat
2274 1663 2337 1713 de
2386 1664 2644 1726 spiritibus
2683 1664 3051 1713 invidiosorum

960 1738 1088 1788 sutis
1135 1737 1224 1786 iilo
1270 1737 1459 1795 ferreo,
1503 1740 1555 1784 et
1594 1737 1727 1786 sicut
1774 1737 1981 1786 locutus
2012 1742 2090 1787 est
2125 1737 2315 1788 Dantes
2347 1753 2468 1788 cnm
2504 1740 2676 1803 aliquo
2709 1753 2897 1790 eorum
2928 1739 3053 1789 olim

959 1814 1107 1876 Sapia
1139 1815 1203 1864 de
1237 1814 1396 1872 Senis,
1431 1826 1547 1876 quae
1580 1814 1746 1862 multa
1778 1815 1831 1862 in
1863 1813 2019 1862 simul
2054 1819 2452 1878 receptaverunt
2482 1818 2546 1866 de
2566 1818 2664 1867 isto
2687 1818 2826 1876 vitio,
2853 1823 2906 1867 et
2923 1817 3053 1866 sicut

961 1890 1068 1953 ipsa
1099 1890 1299 1954 rogavit
1333 1889 1553 1938 Dantem
1586 1895 1923 1952 precaturum
1958 1903 2053 1952 pro
2079 1890 2185 1952 ipsa
2190 1927 3052 1942 ............................
3082 1895 3179 1940 349

835 1994 1100 2046 CANTUS
1135 1993 1430 2044 DECIMUS
1461 1994 1797 2055 QUARTUS,
1826 1995 1915 2045 nbi
1940 1996 2044 2046 duo
2063 1996 2278 2046 illorum
2302 1997 2577 2059 spirituum
2598 2003 2911 2060 rogaverunt
2929 2010 3049 2047 eum

963 2069 1179 2119 Dantem
1215 2069 1318 2119 illis
1349 2069 1613 2118 dicturum
1648 2069 1711 2119 de
1743 2082 1833 2119 sua
1868 2072 2057 2133 patria;
2089 2074 2144 2120 et
2176 2071 2277 2120 hoc
2300 2072 2438 2123 dicto
2459 2073 2857 2123 abhominantur
2874 2086 3051 2122 omnes

958 2148 1271 2198 habitatores
1314 2147 1462 2196 vallis
1506 2145 1638 2195 Arni
1671 2161 1699 2194 a
1733 2148 1986 2210 principio
2018 2162 2182 2211 usque
2213 2149 2277 2198 ad
2311 2149 2490 2211 tinem;
2523 2154 2577 2199 et
2608 2155 2785 2212 postea
2817 2149 3052 2199 abhomi-

961 2228 1153 2272 nantur
1184 2222 1530 2271 romandiolos
1560 2226 1614 2270 et
1636 2221 1949 2282 lombardos,
1972 2227 2025 2272 et
2046 2223 2180 2273 sicut
2205 2237 2385 2274 omnes
2411 2225 2631 2275 virtutes
2653 2226 2702 2275 in
2721 2225 2795 2274 eis
2816 2227 3050 2276 extinctas

961 2304 1098 2358 sunt,
1131 2303 1186 2347 et
1216 2297 1359 2346 nulla
1386 2297 1623 2347 nobilitas
1654 2298 1707 2346 in
1740 2299 1814 2347 eis
1838 2301 2086 2350 remansit
2090 2337 3050 2353 ...............................
3080 2307 3176 2352 373

836 2403 1104 2454 CANTUS
1137 2400 1430 2452 DECIMUS
1462 2401 1772 2462 QUINTUS,
1805 2404 1857 2452 in
1891 2417 1996 2466 qno
2029 2410 2215 2455 tractat
2249 2406 2382 2455 sicut
2421 2420 2514 2468 per
2556 2406 2798 2470 angelum
2841 2407 3051 2456 fuerunt

961 2480 1119 2538 ducti,
1153 2485 1205 2529 et
1238 2479 1368 2528 sicut
1401 2478 1649 2542 Virgilius
1682 2478 1960 2530 declaravit
1993 2480 2218 2544 aliquam
2252 2483 2588 2545 quaestionem
2620 2483 2683 2532 de
2716 2483 2890 2546 aliquo
2912 2483 3050 2533 dicto

961 2556 1101 2606 illius
1131 2554 1369 2618 Raynerii
1404 2554 1467 2603 de
1500 2554 1872 2615 Romandiola3
1904 2560 1959 2605 et
1990 2562 2166 2618 postea
2198 2557 2330 2607 sicut
2362 2557 2416 2606 in
2448 2559 2669 2621 quadam
2701 2559 2893 2609 visione
2926 2559 3051 2609 vidit

962 2632 1158 2695 aliquas
1190 2631 1380 2695 figuras
1411 2643 1526 2693 quoe
1560 2630 1836 2692 disponunt
1870 2631 2049 2681 vitium
2082 2632 2453 2682 iracundorum
2470 2670 3048 2683 ...................
3081 2637 3177 2683 603

833 2737 1100 2789 CANTUS
1134 2735 1430 2788 DECIMUS
1462 2735 1739 2796 SEXTUS,
1773 2737 1826 2787 in
1857 2750 1962 2800 quo
1994 2741 2183 2787 tractat
2214 2739 2278 2789 de
2309 2739 2568 2789 iracundis
2586 2739 2682 2789 sub
2705 2740 2857 2791 titulo
2876 2740 3042 2790 cuius·

957 2815 1076 2864 dam
1107 2817 1272 2866 vocati
1306 2814 1487 2874 Marci,
1522 2814 1610 2876 qui
1644 2826 1765 2863 cum
1797 2814 1872 2862 eis
1905 2814 2068 2863 multa
2101 2814 2227 2864 dixit
2260 2815 2398 2865 circa
2430 2816 2564 2867 sacta
2587 2817 2736 2868 liberi
2758 2817 2973 2877 arbitrii,
2995 2822 3048 2867 et

956 2893 1088 2942 sicut
1119 2892 1399 2955 adsignavit
1431 2891 1685 2941 rationem
1717 2891 1859 2954 quod
1893 2897 2105 2954 propter
2137 2893 2446 2944 discordiam
2483 2908 2730 2957 paparum
2766 2895 3050 2958 imperato-

960 2983 1076 3019 rum
1109 2967 1404 3017 dcstructus
1435 2971 1513 3015 est
1544 2966 1770 3015 mundus
1774 3002 3049 3019 .........................................
3081 2974 3174 3019 423

830 3071 1095 3123 CANTUS
1129 3069 1424 3122 DECIMUS
1456 3070 1808 3131 SEPTIMUS,
1842 3071 1931 3121 ubi
1963 3076 2077 3133 post
2106 3072 2331 3135 aliquam
2357 3074 2604 3123 visionem
2626 3073 2903 3124 declaravit
2926 3073 3049 3122 Vir-

955 3149 1106 3213 gilius
1137 3150 1319 3200 modos
1350 3149 1558 3207 amoris,
1591 3154 1643 3198 et
1677 3152 1806 3211 quot
1837 3148 2005 3197 modis
2036 3148 2265 3198 nascitur
2291 3150 2344 3198 in
2363 3149 2589 3209 homine,
2613 3162 2672 3201 ac
2690 3149 2847 3199 etiam
2870 3150 2933 3198 de
2954 3163 3049 3199 suo

955 3228 1246 3286 contrario;
1279 3231 1333 3275 et
1364 3231 1492 3288 quot
1522 3225 1690 3276 modis
1720 3226 1951 3276 nascitur
1971 3227 2311 3287 contrarium,
2334 3231 2385 3276 et
2409 3232 2537 3290 quot
2552 3228 2783 3289 personis
2804 3227 3050 3277 commit-

955 3304 1082 3352 titur
1114 3303 1310 3352 crimen
1344 3302 1444 3352 boc
1455 3338 3047 3354 ...................................................
3080 3306 3171 3352 452

834 3407 1101 3459 CANTUS
1123 3406 1418 3456 DECIMUS
1439 3405 1767 3467 OCTAVUS,
1787 3408 1838 3455 in
1860 3421 1966 3470 quo
1984 3412 2170 3458 tractat
2185 3408 2340 3458 etiarn
2360 3408 2738 3472 aliquantulum
2760 3410 2824 3457 de
2845 3420 3048 3466 amore:

953 3490 1005 3535 et
1047 3483 1286 3533 omnibus
1327 3481 1598 3531 declaratis
1640 3488 1754 3545 post
1784 3482 2011 3546 aliquam
2046 3485 2294 3535 visionem
2327 3485 2636 3534 invenerunt
2669 3485 2877 3547 spiritus
2910 3485 3047 3534 acci-

955 3562 1126 3612 diosos
1157 3560 1254 3609 sub
1288 3558 1438 3609 titulo
1471 3559 1735 3609 cuiusdam
1771 3560 1967 3610 abbatis
1998 3563 2295 3612 veronensis
2325 3566 2379 3611 et
2410 3561 2632 3611 aliorum
2666 3561 2971 3621 multorum,
2998 3564 3051 3609 et

954 3641 1018 3690 de
1052 3639 1209 3688 modo
1241 3651 1404 3700 poenae
1426 3672 3047 3688 ....................................................
3078 3640 3170 3685 ⁴⁷4

829 3742 1096 3795 CANTUS
1130 3740 1424 3792 DECIMUS
1457 3741 1691 3802 NONUS,
1713 3742 1802 3792 ubi
1824 3748 1939 3804 post
1971 3742 2197 3806 aliquam
2220 3742 2467 3792 visionem
2491 3755 2611 3791 cum
2641 3740 2855 3803 Virgilio
2876 3740 3047 3802 aliqua

952 3819 1234 3883 receptavit
1267 3819 1472 3877 Dantes‚
1506 3823 1559 3868 et
1591 3820 1691 3869 hoc
1725 3819 1879 3878 sacto,
1914 3814 2235 3870 invenerunt‘
2255 3831 2436 3868 avaros
2468 3818 2564 3866 sub
2597 3817 2751 3867 titulo
2783 3816 3047 3866 cuiusdam

953 3896 1297 4036 'pg‘psstsstssde
1329 3896 1485 3946 modo
1519 3908 1682 3958 poenae
1716 3896 1976 3957 ipsorum;
2012 3900 2064 3945 et
2096 3895 2227 3943 sicut
2260 3893 2351 3944 ille
2384 3907 2512 3957 papa
2545 3907 2665 3943 cum
2700 3893 2864 3942 Dante
2883 3891 3048 3941 multa
3078 3970 3171 4016 496

826 4076 1092 4129 CANTUS
1125 4075 1503 4135 VIGFSIMUS,
1538 4076 1589 4124 in
1623 4090 1727 4139 quo
1759 4080 1947 4125 tractat
1978 4076 2041 4125 de
2074 4075 2265 4125 eisdem
2288 4076 2454 4125 avaris
2477 4076 2573 4125 sub
2606 4074 2757 4125 titulo
2780 4073 3046 4124 cuiusdam

949 4152 1183 4216 Bugonis
1213 4151 1455 4214 Ciapettae
1489 4151 1552 4201 de
1584 4151 1787 4201 Parisiis
1817 4149 1947 4200 olim
1979 4150 2144 4213 prolis
2174 4155 2228 4200 et
2260 4151 2471 4214 originis
2505 4164 2688 4215 regum
2724 4150 3042 4206 francorum,

949 4230 1037 4293 qui
1071 4228 1235 4278 multa
1266 4228 1391 4278 dixit
1422 4228 1485 4277 de
1516 4228 1665 4278 sactis
1696 4228 1913 4278 illorum
1946 4241 2131 4291 regum
2163 4240 2224 4277 ac
2256 4228 2414 4277 etiam
2449 4227 2514 4276 de
2547 4228 2702 4277 modo
2733 4225 3048 4275 liberationis

949 4305 1266 4363 animarum;
1300 4310 1352 4355 et
1384 4305 1518 4354 sicut
1551 4305 1819 4356 descussus
1850 4311 1927 4354 est
1961 4318 2109 4355 mons
2128 4309 2340 4367 propter
2374 4304 2726 4354 liberationem
2750 4303 2895 4353 Statii
2918 4301 3048 4351 doc-

953 4381 1082 4430 toris
1107 4415 3046 4432 ..............................................................
3077 4381 3171 4427 518
