3704 5559
1419 521 1693 576 CANTUs
1745 523 2062 607 pannus.-
2803 510 2890 575 13

548 671 706 745 nire
755 671 848 744 ad
900 676 1171 743 ortum.
1234 669 1322 740 Et
1386 668 1559 759 quia
1620 668 1829 741 litera
1897 674 2006 741 est
2073 665 2275 739 sortis
2327 667 2494 739 volo
2559 673 2631 740 te
2683 665 2891 760 scire,

548 792 744 885 quod
795 797 1011 886 poeta
1068 795 1312 862 noster
1365 789 1523 861 vult
1572 788 2095 862 sententialiter
2156 787 2400 861 dicere
2463 787 2536 859 in
2601 787 2892 878 effectu,

547 913 743 1004 quod
797 912 921 984 ubi
974 916 1136 985 erat
1187 929 1478 1002 semper
1532 909 1784 981 solitus
1844 908 2096 982 videre
2155 907 2229 980 in
2295 907 2579 981 inferno
2640 928 2890 981 aerem

547 1032 1051 1128 caliginosum,
1111 1030 1591 1124 pestilentem,
1653 1048 1945 1122 semper
2003 1026 2437 1119 inquietum,
2494 1025 2889 1100 minantem

547 1153 864 1249 fulgura,
918 1151 1263 1244 tonitrua,
1319 1155 1820 1243 tempestates;
1885 1167 2078 1221 nunc
2145 1147 2551 1219 intraturus
2618 1167 2893 1241 purga-

548 1274 818 1346 torium
872 1272 1150 1346 invenit
1182 1291 1433 1344 aerem
1480 1271 1787 1362 clarum,
1833 1268 2308 1359 luminosum,
2345 1288 2645 1360 purum,
2682 1267 2892 1359 quie-

548 1400 707 1466 tum
736 1385 848 1485 (⁴);
883 1392 1045 1465 ideo
1098 1390 1546 1465 exhilaratus
1599 1396 1728 1462 est.
1783 1390 2191 1463 Intraverat
2226 1394 2477 1462 autem
2519 1387 2889 1460 infernum

546 1510 982 1586 adveniente
1032 1510 1336 1584 tenebra
1391 1509 1640 1602 noctis,
1697 1530 1893 1582 nunc
1951 1514 2201 1581 autem
2265 1508 2561 1580 intrabit
2618 1529 2893 1602 purga-

549 1631 823 1704 torium
865 1630 1294 1704 adveniente
1333 1630 1502 1703 luce
1535 1628 1695 1702 diei.
1738 1628 1840 1701 Ad
1877 1629 2163 1703 literam
2203 1649 2405 1723 ergo,
2431 1628 2601 1700 dicit
2634 1634 2888 1721 poeta:

548 1754 766 1824 Dolce
812 1754 1031 1842 color,
1083 1749 1354 1824 scilicet
1404 1750 1660 1844 pulcer
1711 1756 1785 1823 et
1835 1770 2067 1843 purus
2108 1749 2310 1822 color
2345 1748 2532 1820 illius
2576 1748 2765 1821 aeris
2800 1748 2890 1821 ad

546 1871 1028 1946 differentiam
1081 1870 1343 1944 coloris
1394 1870 1585 1944 aeris
1638 1869 2028 1962 infernaliS,
2071 1868 2198 1962 qui
2247 1874 2356 1942 est
2406 1868 2768 1940 obscurus
2819 1875 2893 1942 et

546 2012 870 2084 amaruS,
898 1994 967 2063 d’
986 1993 1289 2063 oriental
1311 1994 1585 2082 zaffiro,
1627 1989 1832 2083 idest,
1867 1990 2055 2062 illius
2081 1989 2275 2062 aeris
2302 1987 2638 2081 coelestis,
2667 2009 2889 2080 quem

547 2111 802 2205 pulcre
834 2109 1064 2205 tangit
1099 2110 1237 2183 sub
1272 2109 1704 2203 metaphora
1757 2108 2023 2182 coloris
2075 2108 2327 2202 lapidis
2365 2107 2676 2200 zaphiri3
2718 2107 2888 2180 nihil

547 2231 741 2304 enim
819 2235 1017 2303 terra
1093 2229 1280 2323 parit
1348 2229 1653 2301 similius
1720 2229 1909 2302 coelo
1981 2249 2277 2320 sereno,
2346 2228 2501 2322 ipso
2571 2227 2887 2320 zaphiro.

546 2350 738 2445 Ergo
789 2371 921 2444 per
971 2349 1353 2443 zaphirum
1406 2348 1725 2444 intellige
1776 2348 2240 2421 solummodo
2300 2347 2505 2420 illum
2565 2348 2888 2421 colorem

548 2491 892 2545 serenum
930 2469 1120 2544 aeris
1164 2468 1475 2542 similem
1528 2469 1846 2561 zaphiro.
1902 2469 2050 2542 Nec
2091 2467 2469 2563 intelligaS,
2508 2468 2694 2541 sicut
2728 2466 2892 2560 qui-

546 2590 727 2663 dam·
786 2611 973 2664 vane
1001 2582 1076 2681 (²)
1128 2589 1492 2681 dixerunt,
1548 2589 1746 2681 quod
1796 2608 1929 2682 per
1981 2587 2361 2681 zaphirum
2414 2595 2628 2681 poeta
2680 2586 2892 2659 intel-

545 2700 799 2807 ligit(³)
850 2709 1285 2801 Beatricem,
1338 2707 1510 2802 quia
1564 2707 1790 2801 ipsam
1846 2713 2133 2783 tantum
2188 2706 2506 2781 inveniet
2558 2706 2629 2777 in
2683 2726 2889 2776 sum-

552 2829 804 2904 mitate
870 2829 1139 2902 montis
1202 2828 1627 2924 purgatorii.
1699 2827 1867 2901 Ideo
1941 2826 2156 2899 dicit:
2226 2828 2345 2897 che
2410 2829 2466 2896 ε’
2495 2829 2890 2916 accoqlieva
2942 2822 2944 2825 ⁴

544 2952 659 3021 nel
707 2970 957 3022 sereno
1017 2955 1305 3040 aspetto,
1376 2947 1578 3040 idest,
1643 2947 1715 3019 in
1788 2946 2230 3039 inspectione
2292 2945 2480 3018 illius
2540 2945 2730 3019 aeris
2775 2965 2889 3019 se-

544 3069 736 3164 reni,
817 3067 943 3162 qui
1029 3074 1228 3142 recte
1297 3067 1682 3140 videbatur
1766 3088 1961 3139 unus
2036 3067 2378 3161 zaphirus
2453 3069 2580 3139 dal
2648 3087 2890 3137 mezzo

534 3209 748 3282 pum,
807 3188 1010 3279 idest,
1073 3187 1167 3259 ab
1236 3186 1356 3259 illo
1426 3186 1866 3279 hemisperio
1936 3185 2294 3279 inferiori3
2366 3183 2586 3260 unde-⁷
2627 3186 2889 3259 dicitur

541 3307 1066 3402 hemisperium
1126 3307 1336 3401 quasi
1401 3306 1695 3379 dimidia
1757 3327 2006 3401 spera:
2063 3307 2414 3381 medietas
2474 3308 2668 3382 euim
2721 3307 2885 3380 coeli

544 3448 835 3523 semper
895 3433 1006 3502 est
1062 3448 1284 3522 super
1347 3433 1661 3519 terram,
1721 3426 1864 3499 alia
1935 3426 2285 3501 medietas
2355 3428 2571 3520 infra,
2632 3433 2715 3498 ut
2782 3426 2891 3498 di-

542 3554 746 3623 ctum
778 3536 853 3639 (⁴)
903 3546 1099 3621 finali
1151 3546 1468 3642 capitulo
1520 3545 1808 3637 Inferni,
1861 3552 1935 3618 et
1985 3545 2267 3620 dicetur
2318 3547 2639 3621 secundo
2692 3547 2888 3640 capi-

541 3668 699 3742 tulo
731 3667 1087 3762 sequenti,
1121 3670 1347 3759 infino‘
1373 3671 1451 3739 al
1474 3670 1717 3758 primo
1755 3670 1945 3757 gire,
1983 3666 2186 3760 idest,
2223 3689 2461 3760 usque
2503 3656 2594 3741 ad
2647 3668 2889 3742 circu-

542 3788 701 3861 lum
732 3788 951 3881 lunae,
988 3787 1202 3861 cuius
1235 3787 1538 3881 globum
1581 3786 1750 3859 dicit
1785 3786 2146 3881 attingere
2181 3809 2418 3880 usque
2457 3788 2548 3862 ad
2582 3789 2882 3883 globum

542 3903 929 3983 lunarem:
999 3908 1115 3981 vel
1171 3909 1412 3999 primo
1484 3910 1681 3997 qim,
1761 3906 1974 4001 idest,
2051 3928 2287 4000 usque
2361 3908 2454 3981 ad
2527 3907 2884 3980 circulum

541 4025 752 4124 ignis,
787 4026 914 4120 qui
965 4034 1076 4101 est
1123 4025 1405 4121 primus
1448 4026 1522 4097 in
1556 4046 1767 4120 spera
1808 4027 2218 4099 activorum
2274 4033 2349 4100 et
2388 4027 2885 4120 passivorum3

542 4143 616 4221 et
664 4146 956 4222 videtur
1009 4147 1270 4221 melior
1322 4146 1698 4241 expositio,
1760 4139 2166 4218 ricomincio*
2220 4149 2450 4219 diletlo
2502 4151 2649 4236 ayli
2701 4150 2892 4219 ecclei

542 4269 725 4358 miei,
759 4267 1030 4342 scilicet
1064 4267 1692 4359 intellectualibuS,
1737 4274 1939 4357 cosm,
1983 4266 2186 4358 idest,
2232 4287 2453 4359 quam
2503 4268 2670 4360 cit0,
2707 4270 2886 4339 ch'io

542 4385 709 4462 ωσι*
728 4392 900 4482 [nor
933 4390 1020 4460 de
1070 4390 1114 4459 Γ
1140 4390 1293 4460 aire
1327 4393 1584 4475 morta,
1620 4386 1889 4460 scilicet
1925 4386 2280 4480 infernali,
2319 4387 2444 4459 ubi
2486 4394 2677 4463 stant
2712 4407 2890 4461 vere

667 4575 722 4634 (¹)
755 4574 816 4623 E.
850 4580 901 4624 et
935 4575 1184 4637 quietum.
1762 4570 1818 4634 (²)
1851 4573 1904 4623 S.
1940 4575 2077 4624 varie
2111 4576 2367 4624 dixerunt.

669 4649 723 4712 (⁸)
755 4650 816 4700 E.
850 4651 1179 4701 intellexerit.
1763 4650 1815 4710 (⁸)
1850 4650 1912 4700 E.
1947 4651 2140 4700 dictum
2174 4656 2252 4701 est
2282 4651 2439 4701 finali.
