3704 5559
1378 509 1654 564 CAN'rus
1705 510 2025 565 TERTms.
2780 502 2873 568 87

532 657 785 732 suvius
816 649 916 750 (¹),
971 655 1184 729 hodie
1235 675 1415 729 vero
1466 655 1689 751 vulgo
1744 661 2050 729 vocatur
2094 654 2442 730 Summa:
2496 657 2612 731 hic
2664 679 2878 732 mons

532 778 800 873 bicepS,
854 777 1263 872 imperante
1296 776 1609 870 Nerone,
1645 775 1880 850 factus
1915 783 2023 850 est
2058 776 2345 871 ardenS,
2381 784 2455 852 et
2480 798 2610 872 per
2646 781 2877 853 multa

531 898 797 973 saecula
852 898 1097 994 ignem
1150 896 1409 970 emisit.
1462 896 1570 970 Ad
1621 897 1818 991 quod
1871 898 2368 991 spectaculum
2414 899 2588 972 olim
2629 921 2876 974 acces-

530 1020 621 1094 sit
669 1018 943 1092 Plinius
994 1017 1360 1092 secundus
1406 1017 1829 1091 veronensis
1871 1018 2103 1113 gratia
2146 1018 2430 1092 videndi
2477 1027 2551 1093 et
2601 1040 2875 1117 cogno—

534 1140 774 1214 scendi
843 1159 1102 1213 causas
1167 1138 1500 1231 incendii,
1552 1138 1679 1211 sed
1743 1144 1962 1212 vento
2023 1137 2347 1214 cinerem
2411 1148 2484 1215 et
2551 1141 2871 1216 favillam

532 1260 895 1335 excitante
953 1279 1342 1354 oppressus
1402 1263 1559 1351 est3
1612 1258 1864 1352 sicque
1923 1258 2099 1331 illud
2165 1259 2430 1335 ardens
2494 1261 2872 1357 ingenium

530 1378 783 1455 vivum
818 1379 1188 1473 sepultum
1225 1385 1334 1451 est
1370 1378 1442 1450 in
1478 1377 1843 1453 cineribus
1879 1379 2034 1453 illis.
2072 1380 2189 1455 Sic
2223 1382 2558 1476 Neapolis
2592 1403 2685 1456 ex
2723 1404 2872 1458 una

531 1505 740 1595 parte
798 1498 1112 1573 custodit
1174 1497 1558 1594 Virgilium
1621 1504 2135 1594 mantuanum,
2198 1521 2291 1575 ex
2353 1501 2494 1575 alia
2557 1502 2870 1576 Plinium

532 1638 1040 1712 veronensem,
1093 1618 1339 1694 virum
1403 1618 1814 1713 multiplicis
1873 1618 2190 1693 scientiae
2259 1627 2332 1694 et
2394 1622 2667 1695 floridae
2719 1623 2873 1696 elo-

532 1738 870 1833 quentiae.
933 1739 1056 1812 Est
1111 1744 1364 1812 autem
1427 1738 1561 1813 iste
1621 1759 1831 1812 mons
1892 1739 2237 1813 mirabilis
2297 1740 2541 1814 fructu
2606 1743 2873 1816 multa-

533 1879 702 1931 rum
755 1878 1035 1952 rerum,
1088 1858 1215 1933 sed
1265 1858 1634 1953 praecipue
1687 1858 2022 1932 ubertate
2073 1860 2241 1954 vini,
2295 1860 2494 1954 quod
2541 1882 2870 1957 graecum

528 1978 958 2074 appellatur,
1012 1979 1185 2072 quia
1237 1978 1355 2051 illa
1406 1999 1577 2072 pars
1626 1978 1848 2052 Italiae
1899 1978 2073 2052 olim
2131 2000 2176 2053 a
2233 1979 2493 2077 graecis
2543 2001 2874 2077 possessa

528 2099 787 2195 Magna
837 2098 1119 2172 Graecia
1171 2098 1593 2171 vocabatur.
1648 2099 1735 2171 Et
1799 2104 1969 2173 nota
2022 2099 2220 2193 quod
2272 2109 2418 2176 tota
2475 2101 2593 2175 illa
2648 2102 2874 2198 regi0,

531 2239 699 2314 quae
749 2218 966 2294 hodie
1015 2217 1279 2293 dicitur
1312 2219 1539 2293 Terra
1574 2219 1896 2313 LaboriS,
1934 2218 2070 2293 fuit
2103 2220 2276 2294 olim
2336 2242 2507 2316 pars
2559 2222 2871 2316 Campa-

531 2339 671 2414 niae
718 2347 797 2415 et
856 2346 1173 2434 utraque
1234 2339 1615 2434 appellatio
1676 2341 1770 2413 ab
1829 2341 2017 2415 urbe
2077 2341 2266 2415 facta
2317 2349 2426 2416 est
2475 2364 2520 2416 a
2572 2363 2873 2438 campo-

530 2482 700 2535 rum
752 2460 1140 2555 fertilitate,
1194 2468 1268 2535 et
1320 2466 1690 2535 terrarum
1740 2462 1978 2554 cultu,
2018 2461 2366 2554 quoniam
2419 2483 2600 2559 ager
2650 2463 2869 2538 Cam—

526 2600 763 2677 panus
825 2601 974 2655 non
1043 2582 1283 2655 solum
1351 2581 1840 2675 pulcerrimus
1889 2581 2134 2674 Italiae,
2196 2581 2321 2655 sed
2386 2583 2606 2656 etiam
2672 2585 2868 2657 orbis

529 2707 927 2796 terrarum,
1000 2707 1084 2774 ut
1144 2701 1246 2774 ait
1308 2699 1571 2774 Livius
1643 2701 1795 2773 Hoc
1859 2699 2021 2773 ideo
2086 2698 2416 2774 diffusius
2493 2701 2717 2798 tetigi,
2788 2710 2870 2777 ut

528 2821 773 2899 videas
824 2822 1023 2917 quod
1071 2827 1286 2918 poeta
1336 2822 1553 2918 digne
1588 2821 1837 2894 fecerit
1874 2820 2310 2894 memoriam
2348 2821 2440 2895 de
2476 2829 2674 2897 terra
2718 2823 2869 2897 fer-

528 2942 877 3037 tilissima,
930 2942 1003 3016 in
1055 2963 1202 3037 qua
1243 2943 1493 3037 jacent
1542 2962 1705 3015 ossa
1744 2938 2096 3015 fructiferi
2138 2938 2404 3036 ingenii
2444 2948 2519 3015 et
2557 2942 2682 3015 alti
2717 2942 2872 3016 elo-

529 3062 682 3158 quii
733 3062 808 3136 in
842 3062 1212 3136 montibus
1248 3060 1639 3135 fructiferis
1682 3065 1756 3134 et
1790 3059 1953 3133 altis
1993 3059 2190 3153 apud
2223 3061 2619 3155 Neapolim.
2657 3063 2867 3137 Nunc

530 3180 626 3256 ad
659 3181 991 3275 literam3
1043 3181 1213 3256 dicit
1263 3181 1634 3276 Virgilius:
1692 3181 1953 3273 Napoli
1985 3181 2163 3270 l’lza,
2199 3178 2468 3254 scilicet
2500 3179 2676 3253 illud
2710 3202 2874 3256 cor-

527 3321 666 3397 pus
716 3321 971 3376 meum
1022 3302 1419 3397 sepultum,
1471 3323 1508 3373 e
1540 3303 1638 3372 da
1669 3302 2063 3373 Brandizio
2107 3297 2149 3374 e*
2184 3303 2373 3391 toltO,
2427 3300 2599 3393 quia
2633 3300 2872 3398 Virgi-

527 3420 667 3496 lius
716 3428 1057 3496 mortuus
1108 3428 1220 3495 est
1267 3420 1628 3494 Brundisii
1661 3412 1760 3512 (²),
1824 3426 1899 3494 et
1962 3420 2120 3493 eius
2182 3441 2347 3494 ossa
2409 3421 2640 3494 relata
2700 3428 2871 3495 sunt

526 3541 926 3638 Neapolim,
988 3541 1116 3615 ubi
1175 3546 1627 3637 praeceperat
1677 3539 1982 3634 sepeliri.
2047 3539 2181 3613 Alii
2245 3546 2492 3614 tamen
2544 3541 2874 3615 scribunt

528 3662 729 3757 quod
775 3668 1116 3737 mortuus
1167 3672 1278 3739 est
1307 3652 1382 3754 (⁸)
1416 3661 1612 3756 apud
1647 3662 2070 3734 Tarantum.
2106 3659 2279 3733 Haec
2316 3660 2564 3734 omnia
2604 3668 2675 3734 et
2711 3663 2872 3737 eius

528 3801 752 3878 opera
803 3789 1209 3879 tanguntur
1258 3782 1332 3855 in
1384 3782 1543 3856 eius
1592 3780 1799 3854 brevi
1851 3780 2237 3874 epitaphio,
2291 3779 2488 3872 quod
2542 3780 2687 3854 tale
2720 3787 2866 3856 est:

527 3906 824 3978 uarum
854 3923 965 3977 me
994 3906 1252 3995 qenuit,
1287 3903 1581 3975 Calabri,
1600 3921 1928 3992 rapuere,
1967 3907 2142 3973 tenet
2171 3919 2355 3972 nunc
2379 3903 2868 3995 Parthenope;

528 4024 744 4096 σωίηἰ
779 4043 1081 4116 pascua,
1130 4039 1357 4113 rura,
1392 4025 1621 4111 duceS,
1684 4018 1894 4113 quasi
1946 4017 2181 4092 dicat:
2221 4018 2472 4114 scripsi
2507 4018 2871 4115 Bucolica,

527 4141 909 4239 Georgica,
945 4141 1237 4217 Eneida.
1275 4142 1381 4214 Ex
1432 4140 1638 4215 dictis
1674 4138 2015 4235 Virgilius
2051 4138 2440 4233 concludit,
2476 4139 2674 4232 quod
2727 4161 2874 4215 non

526 4259 747 4340 dehet
794 4261 1050 4335 mirari
1099 4260 1160 4336 si
1212 4282 1359 4335 non
1412 4260 1579 4335 facit
1640 4259 2010 4352 umbram,
2064 4264 2139 4332 et
2195 4257 2442 4355 arguit
2499 4280 2544 4333 a
2605 4259 2874 4335 minori

526 4386 607 4457 a
652 4401 699 4457 a
749 4380 986 4475 simili,
1029 4381 1205 4475 quia
1239 4381 1575 4456 videmus
1609 4379 1808 4473 quod
1842 4398 2157 4474 corpora
2191 4377 2513 4453 coelestia
2553 4400 2700 4453 non
2735 4379 2875 4453 im-

653 4647 708 4708 (¹)
740 4645 801 4697 Ε.
836 4646 1080 4697 Vesevus.
1397 4644 1452 4706 (¹)
1485 4644 1547 4693 E.
1578 4642 1872 4693 Brondusii.
2189 4641 2243 4706 (¹)
2275 4641 2336 4691 E.
2370 4643 2433 4691 sit
2465 4641 2618 4705 apud.
