3704 5559
874 469 1014 535 508
1594 475 2003 531 COMENTUM
2053 473 2489 528 PURGA'ronu

870 626 1063 700 enim
1117 624 1459 698 alleviant
1509 643 1762 716 poenas
1817 622 2148 711 istorum,
2202 617 2492 709 scilicet,
2537 616 2842 710 justitia,
2882 615 3055 709 quia
3106 614 3217 689 di-

870 766 1015 840 gne
1066 744 1466 839 patiuntur,
1518 748 1590 815 et
1641 761 1829 836 speS‚
1872 739 2044 833 quia
2096 743 2390 833 sperant
2442 743 2603 831 post
2652 735 3208 809 satisfactionem

871 864 1259 960 pervenire
1292 862 1385 935 ad
1419 860 1878 954 felicitatem3
1930 862 2252 932 drizzace
2284 860 2405 929 noi
2439 877 2641 928 verso
2680 859 2780 947 qli
2813 859 2941 928 alti
2981 857 3209 947 saliri,

873 984 1077 1076 idest,
1130 982 1221 1056 ad
1270 1003 1657 1056 ascensum
1722 982 1844 1055 alti
1912 979 2176 1053 montis
2236 985 2627 1073 postquam
2692 997 2824 1071 per
2876 997 3007 1050 vos
3069 995 3211 1049 non

877 1103 1172 1197 potestis
1211 1087 1629 1176 ascendere.
1665 1102 1752 1173 Et
1794 1099 2037 1173 subdit
2079 1097 2622 1193 responsionem
2670 1095 2886 1167 unius
2922 1095 3213 1167 illorum

881 1223 1292 1316 spirituum,
1331 1222 1454 1315 qui
1508 1227 1746 1316 captat
1797 1220 2380 1295 benevolentiam
2424 1237 2515 1290 eo
2553 1215 2770 1289 modo
2820 1236 2971 1309 quo
3023 1215 3214 1288 fece—

881 1348 994 1414 rat
1045 1341 1409 1436 Virgilius,
1461 1340 1744 1414 dicens:
1795 1362 1870 1412 se
1921 1343 2036 1412 voi
2084 1341 2300 1411 venile
2349 1339 2475 1410 dal
2520 1339 2760 1426 yiacer
2792 1338 3046 1427 sicar-i,-
3081 1335 3216 1406 hoc

879 1460 1071 1551 dicit,
1125 1460 1294 1553 quia
1346 1460 1686 1555 Virgilius
1726 1441 2020 1533 ‘dixerat
2055 1457 2249 1552 quod
2286 1457 2629 1530 volebant
2669 1454 3088 1547 ascendere,
3122 1473 3216 1525 ex

881 1601 1030 1672 quo
1081 1579 1745 1673 comprehendebat
1798 1578 1992 1672 quod
2046 1587 2258 1652 erant
2299 1576 2453 1650 sine
2502 1596 2742 1670 poena,
2784 1580 2857 1648 et
2909 1595 3005 1648 ex
3054 1593 3219 1667 spe-

847 1698 1040 1772 ciali
1089 1699 1323 1794 gratia
1377 1698 1733 1772 faciebant
1784 1698 1976 1771 istud
2033 1697 2205 1789 iter3
2259 1695 2377 1769 vel
2441 1696 2615 1787 quia
2675 1693 3217 1789 imaginabatur

881 1819 1077 1911 quod
1129 1819 1433 1891 fuissent
1483 1819 1555 1891 in
1608 1817 1868 1891 eadem
1921 1836 2163 1910 poena,
2216 1815 2342 1889 sed
2372 1806 2446 1905 (⁴)
2499 1813 2716 1887 soluti
2768 1820 2841 1887 et
2893 1812 3218 1907 purgati3

881 1946 955 2012 et
1005 1939 1332 2031 loquitur
1384 1937 1806 2030 dubitative,
1843 1937 2017 2031 quia
2042 1937 2296 2031 jacens
2347 1934 2438 2007 ad
2492 1942 2766 2008 terram
2819 1953 2964 2006 non
3011 1939 3218 2026 pote-

885 2064 999 2132 rat
1057 2058 1308 2130 videre
1369 2077 1514 2130 eos.
1572 2057 1754 2129 Dicit
1804 2077 2022 2152 ergo:
2090 2077 2127 2128 e
2191 2059 2405 2128 volece
2467 2063 2716 2127 trovar
2781 2057 2853 2126 la
2924 2055 3039 2124 via
3090 2045 3220 2143 pi&

889 2184 1089 2266 tosto,
1141 2179 1201 2247 le
1251 2183 1482 2248 vostre
1532 2178 1758 2248 desire
1807 2179 1967 2248 sian
2015 2196 2288 2265 sempre
2337 2177 2413 2246 di
2442 2177 2640 2282 suri:
2685 2172 3061 2247 moraliter
3112 2171 3222 2244 lo-

882 2293 1198 2388 quend0,
1253 2314 1398 2366 non
1453 2295 1755 2369 teneatis
1808 2316 2071 2368 manus
2130 2296 2412 2387 subtuS,
2465 2295 2654 2368 sicut
2706 2314 2835 2367 nos
2887 2293 3219 2383 fecimuS‚

882 2436 1028 2488 non
1082 2414 1519 2509 porrigendo
1569 2414 1876 2509 pauperi
1926 2414 2283 2510 proximo.
2339 2415 2427 2488 Et
2465 2414 2831 2488 concludit
2870 2420 3085 2507 poeta
3126 2433 3222 2486 ne

884 2535 1227 2632 procedat
1295 2535 1642 2608 obscure:
1695 2527 1837 2608 cosi
1876 2527 2105 2627 preyd
2154 2539 2209 2608 il
2244 2543 2483 2627 poeta,
2535 2535 2826 2627 scilicet,
2880 2533 3222 2628 Virgilius

882 2677 1012 2752 per
1063 2654 1589 2748 excellentiam,
1654 2678 1692 2727 e
1747 2647 1808 2727 εὶ
1866 2658 2167 2745 risposto
2213 2676 2392 2745 poco
2459 2657 2753 2727 dinanzi
2818 2674 2867 2724 a
2930 2657 3076 2742 noi,
3128 2652 3224 2724 ab

881 2797 1030 2849 uno
1083 2777 1336 2869 spiritu
1401 2775 1644 2871 magni
1709 2774 2141 2869 sacerdotis3
2209 2774 2405 2850 unde
2465 2773 2674 2848 dicit:
2716 2769 3045 2867 perch'io
3113 2775 3229 2846 nel

869 2902 1132 2989 parlar
1168 2898 1438 2970 avvisai
1472 2900 1713 2969 l’alcro
1747 2904 2088 2968 naseos-lo,
2129 2896 2301 2968 Vult
2333 2896 2580 2969 dicere
2615 2895 2811 2988 quod
2849 2915 2941 2969 ex
2981 2893 3227 2968 verbis

878 3018 1255 3113 perpendit
1305 3018 1396 3091 de
1449 3018 1590 3089 alio
1641 3016 1896 3110 spiritu
1943 3016 2258 3109 jacente,
2314 3015 2411 3087 ita
2472 3016 2672 3108 quod
2723 3016 3016 3109 loquela
3066 3020 3228 3088 erat

878 3137 1089 3230 quasi
1137 3136 1388 3210 latens.
1444 3136 1532 3207 Et
1583 3134 1896 3209 ostendit
1946 3134 2319 3227 quomodo
2382 3134 2633 3227 petivit
2695 3133 3056 3209 licentiam
3110 3134 3224 3204 lo-

880 3256 1147 3349 quendi
1202 3275 1373 3327 cum
1428 3274 1552 3346 eo;
1617 3251 1811 3327 unde
1861 3253 2070 3326 dicit:
2124 3275 2161 3324 e
2224 3256 2400 3326 volsi
2447 3257 2549 3343 yli
2598 3255 2790 3325 ocelli
2838 3255 2984 3343 aqli
3032 3252 3222 3322 occhi

880 3376 957 3445 al
1002 3375 1245 3462 siynor
1296 3375 1462 3460 mia,
1511 3371 1779 3445 scilicet
1827 3371 2148 3466 Virgili0,
2187 3372 2395 3464 quasi
2444 3371 2690 3445 dicens
2743 3372 2997 3446 tacite:
3051 3391 3223 3465 pos-

881 3514 1044 3566 sum
1100 3492 1298 3585 loqui
1335 3512 1508 3564 cum
1545 3491 1731 3565 isto?
1782 3492 1871 3563 Et
1910 3491 2109 3585 ponit
2148 3512 2527 3565 assensum
2565 3491 2758 3564 illius
2792 3491 2972 3565 dum
3007 3491 3219 3565 dicit:

879 3615 1042 3685 ond’
1068 3615 1179 3685 elli
1227 3615 1316 3684 m’
1343 3604 1596 3683 assenti
1627 3632 1757 3684 con
1809 3613 1964 3682 lieto
2015 3631 2233 3683 cenno
2282 3602 2390 3682 οἱὸ
2442 3613 2561 3685 che
2610 3613 2888 3683 chiedea
2926 3614 2999 3683 Ia
3043 3613 3222 3682 vista

879 3735 994 3805 del
1041 3735 1261 3825 disio;
1311 3754 1484 3805 nam
1536 3732 1609 3804 in
1663 3731 1845 3806 facie
1896 3730 2173 3805 ostendi
2225 3731 2667 3805 desiderium
2724 3752 3002 3827 meum,
3066 3731 3221 3806 sine

878 3852 1100 3945 loqui,
1154 3860 1227 3925 et
1277 3851 1620 3946 Virgilius
1670 3851 1999 3925 similiter
2052 3851 2206 3923 solo
2259 3856 2447 3923 nutu
2496 3851 2899 3945 respondit:
2956 3871 3222 3925 secure

880 3974 1184 4067 loquere
1234 3993 1407 4045 cum
1462 3972 1594 4045 isto
1647 3992 1831 4066 papa
1882 3991 2134 4064 avare,
2188 3970 2399 4044 aliter
2463 3976 2711 4045 tamen
2764 3993 2989 4064 quam
3044 3991 3215 4043 cum

878 4114 1064 4187 papa
1112 4093 1406 4166 Nicolao
1458 4091 1549 4165 de
1605 4089 1895 4164 Ursinis,
1925 4092 2192 4162 -Pozz
2236 4089 2365 4162 Hic
2415 4097 2630 4184 poeta
2681 4089 2993 4164 ostendit
3034 4111 3223 4182 quo-

883 4211 1100 4283 modo
1151 4211 1512 4283 allocutus
1563 4210 1785 4284 fuerit
1835 4210 2041 4282 illum
2095 4209 2455 4303 spiritum,
2510 4210 2787 4284 dicens:
2841 4214 2975 4283 Poi
3022 4214 3124 4283 οἵ
3150 4214 3220 4283 io

870 4331 1061 4420 potei
1106 4331 1182 4399 di
1229 4349 1336 4400 me
1379 4333 1543 4421 sare
1592 4351 1640 4401 a
1690 4333 1828 4402 mio
1878 4350 2121 4422 senno,
2188 4349 2282 4402 ex
2336 4329 2621 4403 licentia
2685 4331 2982 4424 domini,
3047 4332 3218 4425 quia

1008 4583 1062 4645 (¹)
1091 4583 1153 4633 E.
1186 4584 1273 4634 sed
1306 4585 1527 4637 absoluti
1557 4593 1611 4637 et
1643 4587 1865 4650 purgati.
