3704 5559
1301 500 1578 555 CANTus
1628 501 2015 556 SECUNnus.
2738 488 2827 555 53

481 650 595 722 lus
648 648 767 722 ille
834 648 960 741 qui
1028 647 1371 721 terminat
1436 648 1751 743 spatium
1820 648 2049 721 nostri
2111 649 2330 743 visuS‚
2395 649 2577 725 idest
2638 651 2831 724 ultra

485 791 707 864 quem
765 768 964 841 visus
1014 768 1304 842 extendi
1357 790 1505 842 non
1555 776 1812 862 potest.
1856 770 1991 843 Ubi
2043 770 2237 843 enim
2282 770 2572 845 videtur
2625 771 2831 844 nobis

489 893 761 966 coelum
824 888 1169 984 coniungi
1229 889 1358 983 ipsi
1433 898 1671 983 terrae,
1736 890 2058 984 intellige
2109 891 2506 982 quamdam
2560 892 2826 965 lineam

490 1012 609 1105 ibi,
656 1031 823 1103 quae
867 1008 966 1081 ita
1010 1028 1102 1081 ex
1156 1008 1354 1081 omni
1407 1016 1615 1104 parte
1659 1008 2164 1082 circumdatur
2214 1012 2596 1104 aequaliter
2646 1031 2834 1104 quo—

491 1150 727 1223 usque
780 1129 979 1203 visus
1030 1134 1278 1201 noster
1327 1128 1717 1221 pervenire
1765 1134 2036 1223 potest3
2090 1136 2164 1203 et
2227 1131 2384 1204 haec
2444 1131 2634 1204 linea
2695 1130 2835 1205 erit

490 1250 790 1324 horizon
841 1247 1252 1322 artificialis,
1308 1248 1428 1320 Est
1482 1249 1674 1323 enim
1728 1249 1915 1321 alius
1957 1250 2259 1322 horizon
2295 1252 2670 1345 naturaliS,
2726 1251 2835 1326 vi-

491 1369 752 1444 delicet
803 1369 922 1443 ille
972 1368 1097 1461 qui
1147 1368 1400 1463 jacens
1451 1370 1665 1462 juxta
1729 1370 1938 1444 litora
2001 1377 2220 1443 terrae
2282 1371 2530 1445 dividit
2581 1372 2835 1449 firma—,

492 1495 826 1564 mentum
865 1489 938 1561 in
972 1488 1495 1582 hemisperium
1534 1490 1871 1584 superius
1908 1496 1980 1563 et
2013 1490 2315 1564 inferius
2353 1499 2553 1565 recto
2592 1492 2833 1586 mod0‚

492 1618 565 1685 et
614 1610 751 1683 iste
802 1607 1150 1682 naturalis
1200 1608 1504 1681 horizon
1555 1610 1822 1682 variari
1878 1631 2022 1683 non
2073 1617 2328 1704 potest.
2367 1613 2832 1687 Artificialem

490 1750 694 1823 vero,
731 1748 951 1822 quem
980 1727 1111 1800 sibi
1141 1726 1348 1822 fingit
1380 1729 1919 1822 unusquisque,
1955 1730 2190 1802 variat
2226 1732 2632 1805 secundum
2671 1753 2835 1805 mo-

490 1856 648 1922 tum
700 1848 890 1921 illius
940 1846 1034 1919 ab
1087 1867 1238 1919 uno
1290 1848 1451 1920 loeo
1503 1848 1575 1919 in
1628 1848 1878 1921 alium.
1926 1850 2084 1921 Non
2137 1850 2331 1922 enim
2385 1856 2621 1943 potest
2673 1871 2836 1923 mo-

489 1988 666 2043 vere
715 1966 976 2062 pedem
1032 1965 1104 2038 in
1155 1973 1372 2040 antea
1426 1969 1541 2041 vel
1605 1974 1827 2061 retro,
1874 1968 2050 2062 quin
2105 1969 2432 2043 varietur
2484 1971 2601 2044 ille
2653 1991 2835 2043 suus

491 2087 791 2161 horizon
844 2107 936 2161 ex
990 2108 1137 2161 una
1190 2087 1458 2162 scilicet
1511 2095 1718 2182 parte
1769 2090 2186 2184 crescend0‚
2242 2111 2330 2164 ex
2386 2091 2526 2164 alia
2578 2092 2836 2166 decre-

492 2206 778 2283 scendo.
830 2207 910 2279 In
939 2199 1015 2298 (¹)
1067 2208 1434 2301 proposito
1486 2228 1667 2303 ergo
1712 2217 1928 2303 poeta
1964 2210 2289 2303 loquitur
2325 2211 2416 2286 de
2459 2212 2838 2286 horizonte
2893 2252 2894 2255 κ

494 2327 830 2421 naturali,
885 2347 1030 2401 non
1081 2327 1174 2401 de
1223 2327 1595 2401 artificiali.
1652 2329 1988 2403 Secundo
2032 2337 2203 2403 nota
2257 2352 2480 2426 super
2532 2333 2651 2406 illo
2705 2353 2839 2408 vo-

495 2447 759 2523 cabulo
811 2447 1281 2540 meridianus,
1337 2447 1531 2541 quod
1587 2448 2033 2522 meridianus
2100 2450 2319 2523 habet
2388 2451 2658 2525 variari
2723 2472 2839 2527 se-

495 2568 818 2643 cundum
870 2567 1366 2642 diversitatem
1418 2567 1950 2640 habitantium:
2006 2569 2452 2642 meridianus
2489 2571 2682 2643 enim
2729 2579 2841 2645 est

496 2687 833 2783 quaedam
886 2688 1077 2762 linea
1127 2687 1609 2784 intelligibiliS,
1662 2705 1830 2778 quae
1881 2685 2126 2758 dividit
2167 2687 2718 2763 firmamentum
2764 2690 2838 2763 in

494 2814 700 2904 parte
749 2808 868 2883 illa
922 2808 992 2881 in
1047 2830 1195 2902 qua
1246 2809 1352 2881 sol
1404 2806 1783 2901 aequaliter
1847 2805 2061 2878 distat
2126 2808 2219 2880 ab
2284 2809 2567 2882 oriente
2618 2816 2693 2883 et
2743 2810 2837 2884 ab

492 2927 866 3003 occidente
918 2934 1253 3022 respectu
1322 2926 1584 3008 nostri:
1652 2931 1943 2999 eertum
2013 2932 2121 2999 est
2184 2927 2404 3021 enim,
2467 2929 2663 3021 quod
2729 2937 2841 3003 est

494 3046 831 3140 quaedam
884 3047 1066 3121 hora
1117 3047 1279 3140 diei,
1332 3046 1403 3117 in
1457 3065 1605 3137 qua
1656 3046 1764 3117 sol
1816 3050 1926 3117 est
1984 3044 2082 3118 ita
2144 3067 2366 3139 super
2417 3048 2650 3143 capita
2704 3070 2841 3123 no-

495 3173 668 3263 stra,
736 3167 935 3261 quod
998 3167 1379 3260 aequaliter
1445 3172 1554 3239 est
1614 3171 1944 3238 remotus
2008 3166 2102 3238 ab
2163 3173 2329 3240 ortu
2405 3174 2477 3242 et
2526 3190 2794 3244 occasu
2818 3194 2839 3264 ;

496 3307 721 3383 quem
771 3294 1019 3361 ortum
1073 3287 1228 3360 sive
1267 3305 1611 3360 occasum
1657 3286 1878 3359 habet
1912 3295 2274 3379 quantum
2311 3288 2404 3362 ad
2442 3310 2594 3384 ηοε,
2634 3290 2838 3386 idest,

497 3406 900 3482 secundum
971 3406 1168 3499 quod
1238 3405 1444 3479 nobis
1513 3405 1749 3478 oritur
1818 3407 1934 3480 vel
2004 3407 2282 3482 occidit.
2357 3410 2526 3484 Haec
2586 3418 2838 3488 autem

498 3519 683 3602 bota
731 3526 1139 3621 appellatur
1187 3525 1552 3618 meridieS,
1598 3525 1803 3618 quasi
1852 3525 2093 3600 media
2144 3527 2321 3621 dieS,
2374 3531 2548 3622 quia
2602 3533 2841 3607 media

499 3666 669 3742 pars
716 3645 854 3720 diei
905 3644 1277 3741 praeteriit,
1330 3650 1404 3719 et
1456 3644 1693 3718 media
1745 3644 1995 3718 sutura
2059 3653 2170 3720 est
2196 3638 2293 3738 (²).
2362 3649 2597 3724 Debes
2662 3671 2842 3748 ergo

500 3763 778 3863 fingere
827 3764 900 3837 in
961 3763 1209 3839 animo
1274 3762 1672 3858 quamdam
1735 3763 2003 3838 lineam
2066 3765 2610 3863 intelligibilem,
2673 3792 2843 3864 quae

498 3881 1050 3964 firmamentum
1115 3883 1405 3977 dividat,
1469 3882 1592 3955 ubi
1645 3884 1752 3956 sol
1807 3883 1879 3956 in
1948 3885 2072 3957 tali
2137 3887 2321 3959 hora
2371 3887 2510 3961 diei
2562 3889 2844 3963 inveni-

498 4009 669 4098 tur;
720 4010 797 4079 et
843 4003 1002 4077 haec
1052 4003 1241 4077 linea
1292 4003 1558 4077 dieitur
1609 4002 1932 4076 circulus
1985 4004 2453 4101 meridianuS,
2506 4008 2634 4102 qui
2697 4007 2844 4082 cir-

496 4123 707 4199 culus
739 4123 961 4198 habet
994 4123 1262 4198 variari
1297 4121 1702 4197 secundum
1742 4123 2240 4199 diversitatem
2284 4127 2839 4204 habitationum.

492 4244 653 4322 Non
701 4243 898 4319 enim
952 4262 1211 4318 omnes
1260 4249 1517 4338 gentes
1568 4241 1827 4316 eodem
1884 4243 2105 4317 modo
2155 4246 2312 4318 sitae
2363 4259 2554 4343 sunt,
2601 4252 2717 4325 vel
2767 4251 2842 4326 in

618 4460 676 4523 (¹)
705 4460 769 4512 B.
800 4460 960 4514 uodo
991 4460 1055 4511 ad
1088 4463 1442 4526 propositum
1476 4474 1620 4525 ergo.

617 4535 677 4602 (⁸)
706 4536 806 4588 Nel
835 4535 1021 4589 Codice
1053 4542 1146 4590 11⁷
1175 4539 1399 4589 termina
1430 4539 1519 4602 qui
1552 4539 1601 4587 la
1634 4540 1799 4602 prima
1832 4544 1979 4603 parte
2014 4539 2098 4589 del
2120 4539 2370 4593 Comento
2392 4543 2440 4593 di
2458 4549 2641 4607 questo
2660 4545 2839 4610 Canto,

500 4613 860 4678 mundo
890 4626 991 4666 con
1020 4613 1073 4665 la
1102 4615 1358 4666 soconda:
1393 4615 1490 4666 Nm·
1520 4629 1730 4666 eravam
1760 4629 1839 4667 ec.
