3704 5559
1395 524 1673 582 CANTus
1723 527 1982 580 Nonus.
2714 511 2854 578 273

509 673 720 766 vitiis,
747 672 1148 746 ascendunt
1184 678 1510 744 montem
1550 671 1955 767 purgatorii
1993 691 2164 745 cum
2194 677 2416 744 cantu
2452 678 2527 745 et
2560 671 2853 766 gaudio,

509 799 582 866 et
632 791 926 866 solvunt
975 791 1217 864 debita
1269 810 1404 863 suo
1455 791 1931 884 omnipotenti
2003 791 2161 864 Jovi
2222 791 2295 864 in
2353 792 2670 866 Ecclesia
2733 813 2856 866 ro-

513 932 751 986 mana.
781 915 1008 983 -Io.
1059 911 1190 984 Hic
1244 911 1499 984 ultimo
1565 918 1775 1005 poeta
1837 900 2179 986 describit
2237 912 2595 1007 gaudium
2658 933 2857 988 nunc

510 1024 786 1105 factum
838 1051 973 1125 pro
1024 1030 1183 1104 eius
1234 1030 1593 1125 ingressu,
1648 1037 1721 1105 et
1772 1031 1989 1104 dicit:
2043 1036 2126 1103 Io
2177 1034 2272 1103 mi
2320 1035 2565 1105 rivolsi
2602 1041 2856 1105 attento

509 1156 590 1225 al
631 1154 863 1243 primo
916 1158 1150 1240 ιιιοηο,
1185 1149 1390 1243 idest,
1426 1171 1606 1224 sono
1648 1151 1857 1225 dictae
1906 1159 2298 1246 aperturae,
2342 1159 2415 1226 et
2454 1154 2700 1226 audivi
2737 1174 2858 1227 so-

512 1293 698 1345 num
747 1271 1297 1345 devotissimum
1351 1279 1654 1364 cantus3
1711 1271 1906 1346 unde
1952 1272 2153 1346 dicit:
2207 1294 2244 1346 e
2295 1277 2391 1346 mi
2431 1295 2663 1365 parea
2695 1277 2859 1348 udir

526 1400 615 1466 Te
665 1400 889 1466 Deum
937 1395 1333 1484 laudamus,
1387 1400 1447 1466 te
1498 1396 1874 1465 Dominum
1916 1396 2339 1487 confitemur.
2377 1395 2465 1468 Et
2516 1395 2630 1469 hic
2684 1401 2859 1470 nota

513 1515 716 1609 quod
767 1515 986 1588 istum
1044 1516 1401 1609 hymnum
1456 1514 1623 1588 fecit
1673 1514 1935 1588 beatus
1986 1514 2413 1588 Ambrosius
2472 1536 2644 1590 cum
2705 1524 2860 1591 tra-

517 1623 740 1709 xisset
770 1633 1263 1729 Augustinum
1300 1632 1392 1707 de
1427 1633 1635 1706 malis
1670 1634 2070 1728 erroribuS,
2108 1635 2308 1709 velut
2345 1635 2672 1710 medicus
2714 1636 2860 1730 spi-

516 1755 819 1848 ritualiS,
857 1754 984 1847 qui
1037 1756 1354 1850 hymnus
1401 1753 1681 1827 cantari
1716 1755 1899 1827 solet
1934 1753 2176 1827 statim
2212 1760 2373 1848 post
2407 1754 2854 1829 creationem

509 1874 788 1950 summi
853 1872 1236 1948 Pontificis.
1308 1873 1477 1947 Ideo
1545 1872 2067 1947 convenienter
2137 1872 2341 1969 fingit
2399 1874 2515 1948 hic
2579 1875 2856 1949 cantari

512 1996 874 2092 hymnum
933 1994 1151 2067 istum
1218 2000 1400 2088 post·
1444 1993 2002 2069 conversionem
2065 2015 2276 2069 suam
2342 1995 2435 2068 ad
2496 1995 2858 2090 poeniten-

507 2115 711 2192 tiam.
774 2114 978 2187 Sicut
1038 2134 1220 2210 ergo
1281 2121 1577 2187 sanctus
1639 2114 2068 2188 Ambrosius
2136 2116 2476 2190 sacerdos
2539 2116 2861 2202 cantavit

510 2254 665 2330 prae
705 2234 1014 2330 gaudio:
1063 2239 1154 2305 Te
1193 2238 1415 2338 Deum
1456 2236 1852 2325 laudamuS,
1894 2234 2198 2309 reducto
2237 2235 2648 2332 Augustino
2700 2235 2860 2324 viro

507 2353 908 2430 acutissimi
968 2353 1262 2449 ingenii,
1315 2354 1413 2427 ita
1474 2374 1669 2428 nunc
1728 2354 1864 2429 iste
1925 2362 2219 2429 sanctus
2281 2357 2624 2431 sacerdos
2685 2377 2857 2431 cum

513 2494 788 2570 magno
863 2474 1043 2549 sesto
1120 2473 1438 2547 cantavit
1518 2474 1792 2547 dictum
1865 2475 2224 2571 hymnum
2296 2476 2711 2551 introducto
2786 2477 2862 2550 in

514 2593 1027 2691 purgatorium
1081 2595 1313 2668 Dante
1381 2594 1539 2666 viro
1594 2593 1839 2689 magni
1908 2594 2216 2701 ingenii3
2271 2596 2387 2669 vel
2456 2596 2643 2670 sorte
2712 2617 2859 2670 non

508 2716 754 2791 solum
807 2714 942 2790 iste
994 2734 1187 2788 unus
1236 2715 1543 2810 angelus
1594 2715 1912 2789 cantavit
1971 2714 2097 2789 sed
2149 2717 2383 2790 multi.
2422 2717 2509 2791 Et
2550 2717 2862 2793 ostendit

370 2887 377 2893 -
513 2837 820 2913 modum
855 2835 1061 2911 istius
1095 2842 1374 2929 cantuS,
1413 2835 1696 2909 dicens:
1734 2840 1809 2909 in
1841 2858 2005 2910 voce
2038 2840 2242 2910 mista
2276 2841 2354 2910 al
2382 2842 2576 2912 dolce
2612 2860 2857 2912 suono,

510 2959 699 3033 Nam
750 2956 1105 3053 gaudium
1158 2977 1512 3052 magnum
1568 2955 1648 3028 fit
1699 2956 1772 3028 in
1825 2957 2016 3030 coelo
2050 2977 2274 3051 super
2307 2957 2553 3032 anima
2603 2978 2862 3054 pecca-

515 3077 693 3153 toris
742 3076 1241 3172 poenitentiam
1294 3076 1617 3171 agentis;
1653 3082 1727 3150 et
1760 3076 1932 3151 dicit
1979 3098 2025 3152 a
2077 3077 2316 3171 simili,
2354 3078 2552 3172 quod
2596 3078 2861 3153 intelli-

508 3197 737 3294 gebat
783 3204 1081 3272 cantum
1135 3198 1461 3289 confuse,
1523 3197 1710 3271 sicut
1769 3204 2029 3272 cantus
2096 3199 2224 3292 qui
2277 3198 2354 3273 fit
2405 3198 2626 3273 simul
2683 3221 2857 3283 cum

507 3339 696 3395 sono
746 3318 1027 3414 organi,
1088 3318 1162 3391 in
1221 3338 1372 3411 quo
1433 3317 1678 3410 aliqua
1738 3318 1966 3393 verba
2031 3319 2560 3416 intelliguntur,
2612 3322 2860 3416 aliqua

509 3458 703 3532 non3
740 3438 937 3513 unde
968 3436 1170 3515 dicit:
1212 3430 1319 3510 οἱὸ
1345 3439 1454 3537 αι’
1472 3440 1541 3510 io
1574 3440 1789 3510 udiva
1828 3441 1926 3519 mi
1962 3443 2225 3513 rendea
2259 3443 2362 3514 tal
2388 3444 2694 3532 imaqine
2728 3463 2862 3535 αρ’

501 3566 753 3651 pande,
806 3558 1009 3652 idest,
1063 3557 1636 3653 repraesentabat
1682 3557 1858 3630 mihi
1913 3559 2131 3634 talem
2183 3559 2500 3655 figuram
2559 3561 2858 3657 directe„

513 3683 688 3772 qual
704 3682 1018 3773 prender
1054 3681 1339 3752 sisuole
1377 3681 1660 3774 quando
1693 3683 1758 3752 si
1787 3686 1935 3752 stea
1960 3671 2060 3773 (⁴),
2087 3680 2418 3761 stabatur
2471 3682 2543 3754 in
2580 3681 2859 3756 mundo

509 3800 678 3894 isto,
737 3819 787 3872 a
849 3805 1102 3873 cantur
1159 3819 1294 3873 con
1349 3801 1629 3893 oryam‘.
1675 3799 1968 3879 Audisti
2018 3800 2177 3893 jam
2238 3820 2433 3896 saepe
2492 3808 2855 3894 quantum

508 3920 634 3997 hic
709 3918 967 3995 nobilis
1040 3918 1333 3997 animus
1410 3939 1580 3992 cum
1660 3940 1953 3993 summa
2022 3918 2500 4001 delectatione
2568 3921 2855 4009 vacavit

509 4040 848 4119 nantibus
879 4047 954 4115 et
984 4040 1178 4114 sonis
1221 4039 1516 4133 quando
1541 4040 1811 4135 potuit,
1848 4042 1950 4112 αι’
1976 4061 2065 4121 ον
2095 4034 2157 4113 εὶ
2189 4062 2278 4114 or
2316 4062 2411 4119 no
2451 4045 2858 4129 s'intendon

507 4165 578 4239 le
615 4159 890 4255 parole.
943 4161 1030 4237 Et
1080 4160 1184 4235 sic
1233 4160 1419 4255 vide,
1456 4162 1732 4255 lector,
1743 4166 1925 4255 quot
1962 4161 2238 4236 nobiles
2272 4164 2856 4257 comparationes

511 4289 729 4378 poeta
777 4281 1171 4363 inculcavit
1218 4280 1291 4355 in
1343 4281 1480 4356 isto
1529 4279 1920 4361 artificioso
1971 4281 2310 4377 capitulo,
2347 4282 2535 4358 sicut
2582 4283 2675 4359 de
2708 4284 2857 4369 Gaa-

507 4402 849 4500 unimode,
883 4402 995 4477 de
1043 4400 1337 4497 Achille,
1389 4401 1481 4477 de
1531 4403 1847 4498 organis.

636 4602 693 4673 (3)
725 4603 788 4655 Β.
819 4603 950 4655 idat
982 4603 1215 4655 utebatur

1416 4710 1947 4731 -—⁴——nq—

781 4793 865 4838 111.
2534 4795 2588 4838 18
