3704 5559
1368 488 1645 545 CAN'rus
1696 491 2025 543 marius.
2771 479 2864 544 85

525 640 601 707 et
650 633 1032 729 Virgilium
1076 632 1230 706 sine
1267 634 1553 727 umbra,
1599 633 1769 726 q'uia
1823 633 1897 705 in
1949 633 2229 707 inferno
2271 654 2680 726 numquam
2718 633 2869 707 ori-

526 760 647 827 tur
700 755 817 828 vel
870 754 1065 827 lucet
1116 754 1242 828 sol.
1296 754 1383 827 Et
1433 754 1675 827 subdit
1727 754 2098 848 quomodo
2149 754 2489 850 Virgilius
2537 755 2870 850 arguerit

524 893 694 947 eum
749 873 842 947 de
894 872 1211 947 ruditate
1262 890 1419 966 sua,
1473 873 1756 947 dicens:
1810 877 1878 948 el
1908 877 2046 947 mio
2082 877 2429 968 conforto,
2466 873 2668 968 idest,
2707 874 2869 947 Vir-
2967 945 2994 957 ,

521 993 733 1091 gilius
781 994 1037 1068 solitus
1090 995 1365 1067 hortari
1420 1014 1541 1068 me
1591 1002 1846 1069 contra
1903 1015 2206 1091 magnos
2257 994 2559 1068 timores
2613 1002 2687 1068 et
2737 1002 2867 1088 pe-

527 1113 753 1189 ricula
820 1114 1106 1208 inferni,
1168 1121 1333 1187 mtto
1395 1118 1676 1205 νίυοῖίο,
1741 1135 2003 1188 versus
2069 1135 2189 1188 me
2253 1114 2706 1209 perpendens
2774 1114 2867 1188 de

523 1246 780 1310 errore
812 1252 1023 1329 'me0,
1058 1228 1466 1308 incomincid
1501 1258 1547 1307 a
1583 1238 1762 1326 dire,
1806 1235 2015 1328 quasi
2052 1235 2510 1330 indignanter
2540 1229 2613 1327 (¹)
2646 1260 2662 1306 ε
2690 1256 2866 1327 per-

521 1349 642 1429 che*
677 1375 822 1446 pur
873 1357 1124 1448 diffidi,
1167 1355 1373 1448 quasi
1425 1355 1746 1429 diceret:
1784 1375 1831 1427 o
1869 1354 2172 1428 modicae
2215 1354 2402 1447 fidei,
2441 1375 2675 1448 quare
2710 1361 2862 1447 tam

522 1472 823 1550 faciliter
873 1474 1174 1549 amisisti
1207 1466 1278 1567 (²)
1335 1475 1673 1549 fiduciam
1712 1481 1787 1549 et
1821 1496 2049 1569 spem,
2088 1495 2312 1568 quam
2354 1475 2575 1549 debes
2623 1481 2697 1549 et
2731 1496 2865 1569 po-

523 1600 630 1670 tae
679 1594 954 1669 habere
1006 1596 1074 1668 in
1131 1616 1275 1689 me,
1312 1596 1437 1688 qui
1489 1616 1898 1688 numquam
1940 1601 2010 1668 te
2043 1593 2333 1668 deserui
2372 1595 2443 1667 in
2477 1602 2677 1668 terra
2713 1594 2864 1667 dae-

488 1714 998 1789 ,moniorum‘l
1048 1715 1216 1789 Ideo
1256 1715 1462 1789 dicit:
1515 1736 1657 1788 non
1690 1718 1884 1788 credi
1925 1723 1994 1788 tu
2034 1737 2142 1788 me
2185 1723 2354 1806 teca,
2388 1716 2642 1809 supple
2678 1734 2861 1808 esse,

523 1856 560 1907 e
607 1837 803 1908 clt'io
835 1838 888 1908 ti
931 1838 1151 1926 quieti,
1185 1835 1371 1909 sicut
1405 1837 1653 1910 soleo?
1678 1876 1776 1889 —
1817 1842 2131 1929 Vespero,
2178 1836 2308 1909 Hic
2343 1833 2682 1930 Virgilius
2718 1833 2862 1906 sol-

521 1954 623 2031 vit
671 1954 1195 2030 dubitationem
1251 1956 1498 2029 Dantis
1548 1956 1923 2052 assignans
1974 1976 2275 2029 causam
2314 1954 2534 2028 huius
2588 1953 2737 2047 rei,
2790 1959 2866 2027 et

520 2075 689 2152 dicit
737 2076 1062 2151 breviter
1113 2076 1308 2170 quod
1362 2077 1500 2150 boc
1550 2077 1828 2171 accidit,
1867 2077 2038 2170 quia
2094 2098 2239 2150 non
2289 2077 2509 2149 babet
2560 2093 2858 2149 carnem

519 2204 799 2290 secum,
834 2217 1059 2290 quam
1102 2196 1390 2288 reliquit
1441 2198 1800 2291 sepultam
1855 2198 1929 2269 in
1969 2197 2409 2291 hemisperio
2462 2194 2860 2290 superiori3

521 2327 595 2393 et
625 2316 871 2391 anima
905 2322 1240 2411 separata
1278 2324 1386 2390 est
1420 2318 1820 2391 substantia
1859 2318 2189 2413 simplex,
2225 2317 2683 2411 incorporea,
2720 2314 2863 2409 spi-

522 2435 825 2530 ritualis,
874 2436 1154 2509 nullam
1208 2436 1483 2510 babens
1533 2437 1961 2511 densitatem
2015 2458 2148 2531 per
2195 2457 2420 2530 quam
2465 2435 2862 2531 possit'im-

523 2556 772 2651 pedire
836 2556 1413 2650 penetrationem
1495 2557 1892 2630 radiorum.
1961 2556 2216 2652 Tangit
2288 2563 2540 2630 autem
2612 2556 2858 2629 locum

521 2696 676 2751 suae
722 2677 1147 2772 sepulturae,
1198 2677 1488 2751 dicens:
1558 2684 1851 2769 Vespero
1915 2675 1956 2750 e*
2011 2668 2131 2767 9ίὰ
2190 2668 2373 2767 cold,
2438 2677 2643 2769 idest,
2699 2677 2857 2771 jam

521 2804 633 2872 est
677 2818 846 2873 sero
896 2798 970 2872 i'n
1019 2798 1246 2892 Italia,
1282 2798 1494 2892 quia,
1550 2805 1630 2871 ut
1681 2799 1959 2871 dictum
2012 2803 2122 2871 est
2170 2798 2369 2871 clare
2421 2797 2495 2869 in
2544 2796 2861 2890 capitulo

518 2917 980 3012 praecedenti,
1012 2918 1170 3012 jam
1222 2925 1381 2992 erat
1433 2918 1620 2993 facta
1657 2920 1781 2990 lux
1831 2917 2103 3010 ubique
2145 2917 2218 2989 in
2262 2916 2382 2990 illo
2423 2916 2861 3010 hemisperio

522 3036 867 3131 inferiori,
923 3038 1048 3114 ubi
1100 3044 1312 3113 erant
1361 3037 1510 3132 isti3
1565 3059 1745 3133 ergo
1797 3038 2100 3112 tenebra
2162 3037 2395 3110 noctis
2455 3037 2636 3111 sacta
2701 3040 2864 3111 erat

520 3156 594 3232 in
645 3165 896 3233 nostro
947 3159 1330 3254 superiori,
1385 3158 1510 3232 ubi
1552 3160 1750 3254 jacet
1777 3149 1851 3251 (³)
1905 3179 2172 3252 corpus
2212 3157 2510 3254 Virgilii,
2553 3157 2716 3231 ideo
2756 3156 2865 3230 di-

520 3275 663 3354 cit:
735 3279 895 3352 dov’
919 3274 961 3351 e*
1019 3281 1280 3370 sepolto
1355 3280 1424 3351 lo
1485 3298 1729 3370 corpu,
1789 3277 2059 3351 scilicet
2128 3297 2409 3367 meum,
2474 3279 2723 3350 dentro
2790 3279 2868 3350 al

518 3399 695 3487 qual*
733 3398 1069 3490 io.sacev'
1098 3398 1376 3488 ombra,
1427 3397 1720 3490 scilicet,
1757 3418 1932 3470 cum
1983 3397 2230 3470 anima
2274 3416 2441 3470 mea
2482 3402 2645 3469 erat
2685 3409 2863 3470 con·-

520 3515 764 3591 iuucta
815 3516 1104 3610 corpori
1159 3516 1228 3590 in
1281 3517 1463 3590 vita:
1519 3523 1592 3590 et
1641 3518 1963 3590 declarat
2015 3516 2087 3588 in
2138 3515 2427 3609 speciali
2489 3516 2750 3588 locum
2789 3520 2863 3589 et

520 3636 825 3711 modum
878 3638 1297 3732 sepulturae.
1351 3639 1439 3711 Et
1493 3637 1605 3710 bic
1652 3644 1844 3729 nota,
1884 3637 2135 3728 lector,
2173 3634 2370 3727 quod
2419 3635 2606 3709 sicut
2647 3638 2861 3730 poeta

522 3761 767 3834 noster
794 3754 989 3830 ³fecit
1034 3756 1110 3830 in
1160 3755 1446 3831 inferno
1498 3757 1877 3852 Virgilium
1939 3753 2354 3828 describere
2413 3756 2722 3849 patriam
2781 3757 2862 3830 in

519 3895 669 3969 qua
718 3882 936 3952 natus
985 3882 1118 3970 est,
1155 3877 1426 3952 scilicet
1477 3879 1846 3952 Mantuam
1902 3876 1976 3947 in
2026 3875 2386 3948 honorem
2439 3881 2513 3950 et
2563 3876 2860 3951 laudem

519 3994 815 4093 Virgilii,
844 3996 1041 4090 ¹quia
1082 3998 1386 4071 'Mantua
1440 4004 1548 4073 est
1598 3995 2043 4070 nobilissima
2080 3994 2367 4088 civilas3
2407 3995 2503 4068 ita
2556 4017 2751 4069 nunc
2787 3996 2862 4070 in

518 4116 948 4213 purgatorio
982 4117 1189 4215 fingit
1221 4118 1600 4214 Virgilium
1639 4125 1944 4214 tangere
1980 4115 2317 4211 patriam,
2355 4138 2501 4211 qua
2540 4118 2863 4206 maxime

517 4235 919 4316 delectatus
968 4243 1081 4314 est
1131 4238 1206 4312 in
1256 4238 1426 4334 vita,
1478 4245 1556 4313 et
1602 4238 1797 4333 apud
1850 4259 2077 4332 quam
2114 4238 2445 4332 sepultus
2496 4245 2627 4332 est,
2671 4239 2865 4313 scili·-

516 4364 639 4444 cet
684 4358 1258 4454 Neapolim.'Est
1309 4358 1503 4433 enim
1557 4360 1892 4452 Neapolis
1944 4358 2206 4432 civitas*
2256 4359 2514 4434 litorea
2567 4360 2863 4434 nobilis-

642 4614 695 4674 (¹)
731 4619 836 4674 117,
872 4617 1178 4679 indignatus.
1370 4616 1424 4680 (²)
1458 4618 1517 4666 E.
1551 4618 1762 4668 amisisti
1797 4623 1851 4667 tu
1889 4617 2148 4668 fiduciam.
2337 4616 2389 4679 (⁸)
2425 4620 2532 4676 117,
2565 4622 2695 4667 erat.
