3704 5559
870 522 1010 589 324
1474 567 1477 570 .
1590 532 2003 587 connum-tm
2051 532 2490 585 PURGAToRu

863 701 994 752 sua
1043 682 1288 769 barca,
1326 677 1528 770 idest,
1569 695 2012 771 promovere
2062 676 2436 771 ingenium
2482 696 2729 768 suum,
2784 674 2979 768 quod
3030 675 3213 747 assi-

865 800 1162 873 milatur
1213 798 1404 891 navi,
1459 803 1538 868 ut
1588 795 1820 889 patuit
1870 796 1944 867 in
1997 795 2346 889 principio
2382 796 2597 889 primi
2643 795 2937 888 capituli
2989 795 3210 867 huius

862 919 1307 1015 purgatorii,
1378 924 1819 1009 quancunque
1870 908 2041 1007 pud,
2120 917 2327 1009 quasi
2394 916 2629 990 dicat:
2704 916 2871 989 totis
2932 915 3207 989 viribus

863 1039 1151 1134 ingenii,
1204 1040 1346 1129 qui,
1415 1037 1595 1110 idest
1657 1035 1730 1108 in
1782 1036 1918 1109 isto
1978 1036 2139 1108 loco
2190 1037 2615 1129 procellose,
2667 1056 2799 1107 con
2851 1037 2922 1106 la
2973 1038 3123 1107 vela
3167 1058 3205 1110 e

859 1165 962 1233 co’
1013 1162 1214 1250 remi,
1280 1158 1481 1250 idest,
1535 1177 1706 1230 cum
1768 1156 2262 1249 speculatione
2325 1156 2584 1230 maiori
2645 1162 2718 1230 et
2774 1157 3063 1229 minori.
3115 1158 3203 1229 Et

859 1281 974 1354 hic
1027 1284 1198 1352 nota
1233 1276 1428 1370 quod
1466 1276 1892 1369 metaphora
1930 1276 2132 1349 navis
2193 1282 2302 1349 est
2360 1276 2856 1369 propriissima
2897 1276 2988 1349 ad
3024 1297 3194 1371 pro-

859 1400 1214 1493 positum,
1266 1397 1452 1469 sicut
1514 1396 1709 1469 enim
1774 1400 2074 1467 nautam
2137 1400 2423 1489 oportet
2490 1395 2594 1466 uti
2658 1396 2859 1467 omni
2917 1402 3077 1469 arte
3126 1403 3201 1469 et

857 1519 1146 1614 ingenio
1197 1517 1288 1590 ad
1330 1515 1734 1590 eruendam
1788 1514 2033 1588 navim
2095 1513 2187 1587 de
2249 1515 2411 1587 loco
2468 1513 2878 1608 periculoso
2941 1535 3034 1588 ne
3087 1515 3199 1587 in-

856 1645 1108 1713 currat
1167 1637 1574 1730 scopulum,
1647 1635 1743 1708 ita
1809 1640 2098 1728 oportet
2167 1654 2363 1706 nunc
2433 1639 2722 1727 poetam
2797 1634 3041 1708 sacere
3105 1635 3198 1708 ad

855 1758 1308 1832 evadendam
1377 1756 1699 1829 animam
1771 1776 1817 1827 a
1887 1774 2065 1827 saxo
2134 1753 2624 1847 superborum
2692 1774 2786 1827 ne
2872 1753 3197 1826 incurrat

855 1877 1345 1972 naufragium.
1403 1876 1488 1947 Et
1539 1874 1850 1948 ostendit
1903 1873 2206 1946 modum
2248 1873 2636 1968 navigandi
2674 1873 2885 1946 istam
2923 1894 3194 1967 aquam

858 2016 1192 2069 amaram
1224 2001 1528 2090 tangens
1563 1994 1829 2066 bonam
1869 1992 2405 2087 dispositionem
2444 1992 2834 2087 utriusque
2857 1987 2928 2084 (¹)
2953 2017 2973 2086 3
3002 1993 3195 2067 unde

863 2115 1065 2189 dicit:
1120 2118 1189 2187 io
1246 2118 1337 2186 m’
1363 2136 1491 2186 era
1559 2134 1815 2203 mosso,
1869 2114 2082 2207 juxta
2134 2119 2581 2207 praeceptum
2634 2113 2929 2209 Virgilii,
2981 2136 3018 2185 e
3086 2136 3195 2185 se-

861 2239 1030 2325 quia
1092 2236 1470 2326 volere-lim,
1536 2234 1794 2307 avidus
1864 2253 2074 2306 novae
2136 2234 2264 2327 rei,
2332 2236 2360 2305 i
2401 2234 2600 2325 passi
2656 2237 2771 2306 del
2816 2238 2954 2307 mio
3005 2257 3193 2308 mae-

861 2361 1038 2444 str0,
1100 2354 1303 2447 idest,
1369 2353 1670 2448 vestigia
1734 2352 2030 2447 Virgilii,
2091 2360 2157 2424 et
2214 2354 2533 2425 ambidue
2588 2343 2710 2443 yid
2764 2363 3191 2429 mostravam

855 2475 1029 2545 com’
1057 2494 1348 2545 eravam
1400 2474 1711 2562 leyqieri,
1747 2471 1900 2565 ipse
1950 2492 2081 2565 per
2132 2492 2211 2545 se
2263 2479 2337 2546 et
2389 2493 2529 2566 ego
2580 2492 2710 2564 per
2763 2493 2974 2567 eum,
3019 2483 3085 2546 ec
3129 2478 3191 2547 ei

853 2596 949 2665 mi
997 2596 1224 2666 disse.-
1276 2595 1463 2682 volyi
1509 2594 1611 2682 912·
1671 2594 1863 2664 occlzi
1908 2594 1983 2663 in
2031 2594 2215 2681 yiue,
2284 2592 2491 2683 quasi
2550 2591 2788 2664 dicat:
2844 2600 3190 2667 converte

849 2713 1421 2807 speculationem
1489 2718 1717 2806 tuam,
1785 2718 1860 2786 et
1919 2711 2062 2807 fige
2127 2731 2417 2785 remum
2486 2712 2559 2783 in
2627 2731 2925 2806 aquam,
2987 2712 3188 2807 idest,

850 2834 1117 2928 stylum
1155 2838 1367 2906 tuum
1414 2832 1487 2904 in
1529 2832 1918 2906 materiam
1953 2851 2287 2904 amaram
2324 2831 2647 2909 istorum*
2672 2833 3187 2926 superborum,

853 2957 933 3024 ut
987 2952 1233 3026 videas
1282 2952 1665 3046 naufragia
1717 2971 2008 3043 eorum,
2046 2956 2118 3023 et
2154 2950 2455 3044 evadas3
2500 2951 2695 3024 unde
2747 2951 2955 3024 dicit:
3010 2953 3191 3024 buon

848 3074 899 3143 ti
944 3062 1146 3161 sard,
1197 3092 1243 3144 o
1295 3070 1632 3164 superbe,
1687 3073 1895 3142 veder
1956 3073 2024 3141 lo
2089 3073 2243 3142 letto
2296 3073 2468 3142 delle
2507 3074 2747 3162 piante
2797 3078 2931 3162 tue,
2986 3071 3186 3164 idest,

846 3191 1312 3264 considerare
1363 3190 1557 3263 viam
1609 3190 2101 3284 superborum
2157 3189 2528 3282 quomodo
2567 3191 2813 3285 jacent
2846 3192 3187 3285 prostrati

846 3331 976 3403 per
1027 3318 1329 3403 terram,
1392 3331 1525 3400 per
1588 3312 1936 3399 alleyyiar
1987 3311 2058 3380 la
2107 3311 2281 3404 via„
2305 3310 2508 3404 idest,
2560 3310 2653 3383 ad
2704 3311 3183 3384 alleviandam

844 3428 1037 3500 viam
1093 3449 1259 3521 quae
1312 3435 1472 3501 erat
1521 3429 1667 3503 alta
1717 3434 1791 3501 et
1843 3427 2224 3501 laboriosa.
2264 3429 2348 3500 Et
2385 3429 2499 3500 hic
2536 3429 2771 3501 oritur
2806 3429 3183 3522 dubitatio,

842 3567 1077 3641 quare
1127 3554 1341 3642 poeta
1392 3555 1638 3621 noster
1690 3548 2029 3641 superius
2074 3547 2280 3620 finxit
2308 3540 2383 3640 (²)
2421 3551 2756 3642 exempla
2794 3550 3181 3622 humilium

841 3690 1001 3743 esse
1050 3671 1330 3764 sculpta
1381 3669 1454 3741 in
1506 3669 1650 3742 alta
1704 3668 1860 3762 ripa
1901 3668 1975 3740 in
2019 3689 2396 3743 marmore
2436 3670 2624 3763 albo,
2663 3669 2779 3742 hic
2826 3691 3006 3744 vero
3047 3669 3182 3742 fin-

838 3790 941 3885 git
991 3792 1327 3885 exempla
1384 3790 1876 3884 superborum
1931 3809 2089 3862 esse
2139 3789 2453 3884 figurata
2504 3789 2577 3861 in
2630 3795 2852 3882 terra,
2908 3796 2981 3863 et
3031 3789 3182 3862 cal-

838 3910 986 3982 cari
1040 3932 1084 3984 a
1137 3910 1439 4004 pedibus
1498 3908 2091 3982 ambulantium?
2149 3908 2552 3981 Dicendum
2606 3909 2927 3982 breviter
2984 3909 3182 4001 quod

837 4031 1212 4125 eleganter
1276 4031 1414 4103 hoc
1477 4027 1703 4124 fingit,
1772 4035 1851 4100 ut
1917 4028 2196 4121 innuat,
2251 4028 2446 4121 quod
2515 4029 2639 4121 qui
2703 4050 2782 4104 se
2846 4028 3182 4102 humiliat

836 4150 1202 4222 exaltatur
1233 4139 1305 4241 (³)
1362 4154 1437 4222 et
1486 4148 1802 4221 efficitur
1851 4148 2135 4240 clarus3
2190 4147 2314 4240 qui
2367 4168 2546 4221 vero
2599 4168 2679 4222 se
2731 4149 3005 4222 exaltat
3039 4149 3181 4221 hu-

838 4256 1261 4358 miliatur(⁴)
1317 4275 1391 4341 et
1443 4267 1520 4339 fit
1571 4267 2080 4341 obscurus.—
2113 4271 2334 4339 Come.
2397 4267 2525 4340 Hic
2593 4275 2807 4360 poeta
2870 4268 3179 4341 manife—

838 4391 978 4457 stat
1029 4386 1339 4458 sormam
1397 4385 1804 4481 figurarum
1858 4386 2366 4479 apparentium
2407 4386 2499 4459 ibi
2538 4407 2670 4479 per
2707 4408 2927 4459 unam
2969 4407 3177 4460 com-

961 4570 1015 4634 (¹)
1048 4571 1108 4620 E.
1142 4572 1402 4635 utrinque.
1912 4572 1965 4633 (¹)
1997 4572 2060 4621 E.
2097 4573 2303 4622 finxerit
2333 4574 2586 4636 exempla.

962 4646 1014 4710 (⁸)
1053 4652 1158 4709 117,
1193 4647 1518 4698 exallabitur.
1913 4647 1965 4709 (⁸)
2001 4651 2108 4706 11⁷,
2143 4649 2515 4700 humiliabitur.
