3704 5559
823 501 857 566 1
875 501 961 567 10
1538 510 1948 565 COMENTUM
1997 511 2441 564 PURGA'ronu

817 677 1012 750 nem,
1066 656 1124 730 si
1177 658 1398 729 homo
1450 675 1597 728 non
1651 655 1965 728 moritur
2015 655 2348 750 pertinax
2393 661 2465 728 et
2499 655 2946 750 desperatus.
2984 656 3166 732 Dicit

817 798 1035 875 ergo:
1072 799 1209 871 per
1243 780 1355 850 lor
1389 778 1846 868 maladizion,
1883 782 2261 870 exponunt
2294 776 2540 869 aliqui,
2585 776 2855 851 scilicet
2890 777 3160 851 ossium

816 919 1206 992 meorum3
1261 904 1341 970 tu
1395 916 1574 970 vero
1625 896 1741 971 dic
1793 903 1868 971 et
1920 895 2221 970 melius:
2276 897 2567 991 scilicet,
2625 905 3006 991 pastorum
3042 918 3166 972 ec-

816 1019 1079 1109 clesiae,
1129 1010 1189 1090 εὶ
1238 1038 1383 1089 non
1441 1020 1504 1089 si
1553 1020 1796 1112 perde,
1851 1000 2054 1107 idest,
2112 1036 2256 1089 non
2308 1016 2405 1091 ita
2456 1016 2530 1090 in
2577 1024 2815 1090 totum
2869 1017 3165 1110 tollitur,

819 1141 939 1211 che
986 1159 1133 1211 non
1171 1158 1394 1231 possa
1445 1145 1698 1210 tornar
1765 1139 1808 1208 Γ
1837 1144 2075 1209 eterno
2144 1158 2413 1229 amore,
2474 1136 2677 1230 idest,
2742 1138 2977 1233 gratia
3038 1136 3167 1211 Dei

822 1257 914 1331 ad
965 1258 1363 1350 hominem,
1417 1264 1679 1329 mentre
1739 1259 1859 1329 che
1909 1259 1983 1328 la
2029 1277 2388 1349 speranza
2439 1259 2530 1329 Ιια
2576 1260 2719 1350 fior
2770 1260 2886 1331 del
2931 1260 3167 1348 verde,

790 1377 1031 1472 idest,
1081 1377 1351 1470 aliquid
1404 1376 1802 1470 viriditatiS,
1858 1377 2068 1469 quasi
2101 1376 2336 1450 dicat:
2373 1362 2607 1452 donec
2641 1379 2864 1451 homo
2906 1377 2978 1449 in
3021 1376 3164 1451 vita

825 1518 971 1571 non
1023 1497 1380 1592 desperat.
1434 1498 1522 1571 Et
1572 1497 1687 1570 hic
1737 1504 1912 1569 nota
1964 1496 2159 1589 quod
2194 1496 2417 1589 aliqui
2452 1496 2705 1569 dicunt
2728 1495 2932 1590 quod
2966 1498 3167 1569 Man-

826 1604 1076 1691 fredus
1126 1617 1199 1690 in
1253 1623 1589 1691 extremo
1629 1616 1887 1691 redivit
1920 1617 2014 1690 ad
2054 1616 2329 1709 Deum;
2358 1616 2483 1690 sed
2518 1624 2719 1691 certe
2760 1616 2950 1690 istud
2983 1616 3168 1690 scire

824 1758 971 1811 non
1024 1737 1259 1832 potuit
1309 1743 1548 1832 poeta,
1585 1736 1757 1830 quia
1792 1735 2206 1809 Manfredus
2243 1735 2651 1831 incognitus
2686 1743 3027 1810 mortuus
3062 1742 3172 1810 est

821 1857 896 1931 in
951 1857 1190 1931 medio
1239 1857 1509 1931 ardore
1559 1857 1776 1950 belli;
1828 1856 1903 1929 in
1967 1856 2114 1930 vita
2175 1863 2423 1930 tamen
2491 1857 2721 1930 voluit
2781 1856 3173 1950 aliquando

823 1977 1275 2052 concordare
1325 1997 1499 2051 cum
1552 1978 1857 2051 ecclesia
1909 1983 1984 2050 et
2034 1977 2278 2052 facere
2325 1977 2756 2051 affinitatem
2809 1998 2982 2051 cum
3034 1977 3174 2051 Ca-

826 2097 1006 2190 rolo,
1060 2096 1186 2171 sed
1237 2117 1422 2192 papa
1475 2097 1868 2191 prohibuit,
1921 2104 2001 2169 ut
2053 2118 2192 2193 ego
2244 2097 2386 2172 vidi
2423 2097 2494 2169 in
2538 2098 2977 2191 quibusdam
3019 2097 3174 2193 epi-

826 2216 1022 2289 stolis
1050 2216 1229 2289 eius.
1267 2216 1442 2290 Dico
1475 2237 1655 2313 ergo
1691 2216 1887 2310 quod
1920 2218 2191 2291 Dantes
2227 2219 2365 2291 hoc
2400 2217 2626 2313 fingit,
2655 2218 2827 2312 quia
2861 2219 3001 2292 sub
3037 2219 3171 2293 ista

828 2334 1119 2408 fictione
1170 2335 1474 2410 intendit
1507 2338 1695 2410 hanc
1729 2337 2297 2431 conclusionem,
2342 2337 2540 2432 quod
2589 2338 2836 2411 nullus
2877 2346 2987 2413 est
3021 2346 3170 2411 tam

827 2454 1249 2550 sceleratuS,
1294 2463 1442 2530 tam
1496 2457 2201 2550 excommunicatuS,
2243 2457 2368 2550 qui
2423 2457 2493 2529 in
2546 2463 2879 2531 extrema
2930 2465 3171 2532 morte

829 2596 977 2649 non
1028 2575 1250 2670 possit
1301 2576 1541 2650 redire
1590 2576 1683 2650 ad
1733 2577 1998 2671 Deum,
2050 2578 2389 2671 exemplo
2448 2577 2816 2671 Manfredi,
2870 2578 2996 2671 qui
3039 2577 3173 2650 fuit

831 2694 1134 2769 infestus
1185 2696 1532 2791 ecclesiae,
1584 2696 1752 2771 licet
1802 2703 2010 2792 pater
2061 2698 2245 2792 pluS,
2299 2717 2520 2792 quem
2564 2704 2779 2804 poeta
2811 2698 2969 2794 jam
3021 2704 3170 2771 tam

830 2807 1180 2910 posuerat
1228 2816 1660 2891 damnatum
1722 2818 1911 2891 inter
1975 2818 2377 2913 epicureos.
2441 2820 2529 2893 Et
2590 2819 3003 2893 Manfredus
3055 2840 3176 2894 re·

827 2937 1131 3030 spondet
1166 2937 1374 3010 alteri
1413 2937 1793 3032 quaestioni
1834 2938 2106 3012 tacitae:
2149 2945 2435 3033 poterat
2470 2939 2667 3013 enim
2702 2939 2951 3015 dicere
2982 2941 3179 3014 Dan-

828 3061 977 3129 tes:
1030 3055 1202 3149 quid
1237 3076 1418 3150 ergo
1466 3057 1868 3150 preiudicat
1902 3058 2040 3131 ista
2077 3059 2741 3133 excommunicatio
2770 3064 2802 3130 Ἰ
2837 3068 2911 3134 et
2944 3079 3180 3155 quare

830 3176 1495 3254 excommunicatio
1521 3178 1721 3271 justa
1758 3178 1873 3252 vel
1912 3178 2178 3273 injusta
2212 3178 2531 3253 timenda
2569 3184 2737 3254 est?
2771 3182 3179 3275 Respondet

830 3293 1270 3386 ManfreduS,
1311 3295 1508 3389 quod
1544 3297 2229 3372 excommunicatus
2271 3305 2380 3373 est
2419 3299 2706 3395 longius
2757 3312 3085 3377 remotus
3133 3321 3179 3376 a

831 3413 1010 3505 Deo,
1063 3420 1138 3486 et
1189 3414 1466 3488 tardius
1517 3422 1751 3509 potest
1794 3418 2034 3493 redire
2066 3418 2157 3492 ad
2198 3411 2272 3511 (¹)
2315 3440 2511 3494 eum.
2550 3421 2754 3496 Unde
2794 3421 3000 3496 dicit:
3051 3429 3182 3498 Ver

834 3529 877 3605 e*
920 3534 1040 3604 che
1104 3537 1327 3628 quale,
1382 3534 1588 3629 idest,
1640 3537 2117 3633 quicumque,
2180 3560 2424 3613 mucre
2479 3544 2554 3613 in
2611 3547 3050 3616 contumacia
3106 3547 3183 3618 di

834 3661 1044 3727 santa
1092 3657 1347 3747 chiesa,
1397 3656 1689 3752 scilicet,
1726 3659 1900 3752 quia
1934 3680 2344 3753 numquam
2384 3662 2895 3737 reconciliatur
2945 3663 3181 3739 eccle-

840 3773 964 3848 siae
1015 3774 1090 3847 in
1141 3775 1330 3869 vita3
1384 3796 1610 3850 ancor
1675 3780 1883 3851 ch’al
1921 3782 2026 3870 fin
2074 3783 2136 3852 si
2172 3789 2413 3872 penta,
2467 3781 2670 3877 idest,
2724 3783 2797 3856 in
2848 3789 3180 3860 extrema

838 3902 1080 3970 morte
1132 3895 1470 3990 quamvis
1523 3896 1775 3972 redeat
1824 3898 1913 3971 ad
1952 3899 2189 3973 Deum
2227 3921 2396 3974 cum
2435 3923 2584 3997 spe,
2619 3909 2775 3976 star
2823 3906 2880 3977 lt·
2921 3926 3186 3980 conven

837 4018 934 4087 da
985 4023 1224 4106 questa
1271 4018 1439 4108 ripa
1471 4019 1545 4089 in
1573 4021 1805 4110 sucre,
1842 4017 2049 4112 idest,
2102 4028 2312 4094 extra
2347 4020 2568 4095 istum
2622 4030 2949 4098 montem
3002 4047 3184 4121 pur-

835 4135 1121 4230 gatorii,
1165 4155 1302 4209 nec
1352 4128 1588 4230 potest
1635 4137 1916 4212 intrare
1966 4138 2230 4234 ipsum,
2285 4151 2537 4235 trmzta,
2573 4145 2844 4220 scilicet
2894 4154 3182 4243 ternpo-

837 4253 1062 4348 ribuS,
1104 4276 1241 4347 per
1290 4261 1460 4346 oqui
1507 4265 1730 4350 tempo
1797 4262 1901 4332 ch’
1929 4263 2064 4351 eqli
2112 4254 2153 4333 e*
2195 4269 2376 4335 stato
2424 4268 2499 4337 in
2548 4287 2679 4338 sua
2722 4272 3181 4361 presunzion,

837 4374 1126 4469 scilicet,
1181 4377 1886 4452 excommunicatus,
1941 4380 2028 4452 Et
2079 4381 2196 4455 hic
2248 4389 2416 4456 nota
2471 4385 2668 4479 quod
2717 4394 2933 4482 poeta
2984 4388 3186 4485 ponit

961 4633 1016 4695 (¹)
1051 4635 1113 4684 Ε.
1146 4635 1209 4685 ad
1245 4636 1430 4688 Deum.
1463 4640 1627 4692 Unde.
