3704 5559
1115 500 1389 554 CANTUs
1440 502 1755 556 nmmos
1804 503 2145 558 ocTAvus.
2675 496 2809 562 491

474 652 551 719 et
598 646 735 717 hoc
785 643 878 717 de
932 663 1184 717 mense
1233 644 1484 717 Martii.
1540 646 1626 718 Et
1677 647 1873 719 stetit
1935 648 2037 721 sic
2086 648 2543 723 destructum
2597 653 2815 744 quin-

475 784 623 857 que
655 764 883 837 anuis.
918 764 1004 835 Et
1046 763 1160 836 hic
1197 769 1367 836 nota
1404 764 1600 857 quod
1635 766 2116 839 Mediolanum
2147 771 2567 863 metropolis
2593 771 2814 844 Lom-

473 885 746 959 bardiae
797 883 969 957 olim
1025 883 1461 957 aedificatum
1515 891 1625 958 est
1673 905 1717 957 a
1767 887 1994 980 gallis.
2049 887 2232 961 Nam
2285 889 2455 983 galli
2504 911 2813 966 senones

473 1008 663 1081 duce
708 1007 1020 1098 Brenno,
1058 1004 1493 1078 transcensis
1527 1005 1823 1099 Alpibus
1875 1014 1949 1081 et
1999 1010 2317 1102 expulsis
2370 1011 2613 1104 tusciS,
2667 1033 2811 1086 non

473 1130 691 1223 longe
740 1149 786 1201 a
836 1126 1082 1200 Ticino
1133 1125 1436 1198 flumine
1486 1125 1931 1201 audiverunt
1981 1147 2152 1202 eum
2217 1131 2460 1203 locum
2527 1131 2600 1202 in
2665 1153 2814 1223 quo

476 1246 1051 1321 conscenderant
1099 1265 1363 1338 agrum
1420 1245 1831 1317 insubrium
1884 1247 2266 1340 appellari3
2312 1256 2386 1321 et
2436 1249 2607 1341 quia
2643 1250 2810 1323 villa

472 1365 719 1439 Galliae
758 1365 862 1438 sic
898 1363 1326 1456 vocabatur,
1380 1370 1770 1456 sequentes
1822 1385 2092 1438 nomen
2145 1366 2280 1440 loci
2332 1367 2814 1441 condiderunt

473 1486 738 1559 urbem
773 1505 996 1578 quam
1034 1482 1519 1556 Mediolanum
1558 1485 2047 1579 appellarunt;
2085 1485 2280 1559 unde
2315 1486 2813 1563 mediolanen-

470 1627 586 1680 ses
635 1605 806 1701 galli
858 1604 1192 1677 insubres
1245 1623 1438 1697 saepe
1481 1610 1839 1677 vocantur
1890 1626 1934 1678 a
1985 1605 2140 1679 Tito
2181 1606 2383 1680 Livio
2419 1614 2492 1680 et
2525 1608 2702 1702 aliis,
2739 1616 2814 1682 et

473 1745 711 1818 usque
762 1725 834 1796 in
885 1724 1310 1797 hodiernam
1365 1723 1556 1797 diem
1612 1724 1801 1798 bona
1858 1746 2025 1818 pars
2086 1725 2244 1821 agri
2312 1725 2807 1800 mediolanen-

473 1846 664 1918 sium
721 1851 1027 1919 vocatur
1062 1843 1496 1916 insubrium.
1533 1842 2001 1918 vocaverunt
2035 1851 2285 1918 autem
2322 1845 2805 1919 Mediolanum

469 1965 562 2038 ab
614 1964 928 2059 augurio
982 1962 1300 2056 notabili,
1346 1962 1518 2056 quia
1554 1962 1626 2034 in
1663 1963 1821 2035 eius
1857 1962 2329 2037 aedificatione
2368 1964 2658 2039 inventa
2700 1972 2809 2038 est

470 2105 696 2178 porca
745 2103 882 2177 pro
956 2082 1193 2156 media
1265 2090 1473 2177 parte
1547 2083 1818 2155 lanosa.
1874 2081 2077 2155 Unde
2126 2082 2503 2168 Mediolani
2557 2084 2630 2155 in
2682 2105 2812 2178 pa·-

470 2202 642 2275 latio
693 2223 1003 2275 annonae
1056 2208 1227 2274 sunt
1278 2201 1594 2295 inscripti
1661 2201 1731 2273 hi
1785 2222 2084 2275 versus:
2142 2206 2273 2273 Sus
2316 2205 2451 2293 suit
2494 2206 2806 2275 inventus

468 2322 585 2394 ubi
626 2324 790 2412 fixit
838 2329 1078 2393 castra
1110 2322 1478 2410 juventam.-
1527 2325 1614 2392 In
1665 2323 1889 2393 medio
1932 2326 2128 2410 terqo
2179 2324 2421 2392 lanam
2474 2324 2645 2410 tulit,
2681 2343 2804 2393 ac-

469 2444 633 2514 cidit
680 2462 876 2531 erqo,
937 2445 1021 2513 Ut
1066 2461 1318 2512 nomen
1372 2447 1650 2531 aptaret
1685 2442 2285 2528 Mediolanumque
2337 2449 2635 2512 vocaret.
2675 2440 2807 2513 Alii

472 2567 718 2634 tamen
771 2560 1023 2634 dicunt
1074 2560 1271 2653 quod
1323 2560 1805 2632 Mediolanum
1842 2566 1953 2632 est
1988 2559 2193 2652 quasi
2230 2559 2300 2630 in
2349 2558 2585 2632 medio
2622 2559 2809 2631 duo-

472 2701 638 2752 rum
691 2680 1047 2770 amnium,
1099 2680 1369 2752 scilicet
1417 2679 1636 2752 Ticini
1690 2684 1764 2752 et
1813 2678 2064 2751 Ambri
2125 2678 2241 2751 vel
2295 2677 2588 2750 Adduae.
2643 2678 2809 2750 Fuit

469 2804 718 2872 autem
769 2799 1254 2872 Mediolanum
1307 2799 1478 2873 olim
1548 2804 1805 2893 potens
1870 2799 2142 2890 civitaS,
2196 2805 2270 2872 et
2321 2800 2475 2892 jam
2539 2798 2807 2872 florens

471 2924 804 3011 tempore
858 2919 1101 3013 magni
1166 2919 1504 3012 Marcelli,
1561 2919 1686 3011 qui
1748 2938 2004 3013 regem
2071 2938 2332 2992 eorum
2402 2917 2806 2991 Viridoma-

469 3057 640 3109 rum
695 3057 915 3109 manu
971 3058 1104 3110 sua
1155 3037 1641 3112 obtruncavit.
1707 3038 1847 3113 Sed
1909 3037 2129 3132 Papia
2190 3042 2440 3130 postea
2493 3036 2626 3108 fuit
2677 3056 2810 3129 po-

471 3156 736 3229 tentior
789 3163 1120 3251 tempore
1170 3158 1376 3252 regni
1430 3158 2092 3253 longobardorum3
2148 3157 2282 3228 fuit
2340 3156 2535 3229 enim
2598 3154 2802 3229 sedes

469 3276 672 3370 regni
725 3296 1026 3349 eorum:
1083 3276 1296 3349 hodie
1347 3282 1594 3349 tamen
1646 3283 1756 3350 est
1806 3276 2133 3349 subiecta
2185 3276 2583 3349 Mediolano
2635 3296 2804 3348 cum

467 3395 726 3468 maiori
777 3401 985 3490 parte
1034 3395 1508 3469 Lombardiae.
1538 3436 1636 3448 —
1663 3401 1727 3468 E
1775 3398 1908 3467 tale
1943 3399 2034 3466 lza
2066 3385 2206 3486 ρι’ἀ.
2246 3395 2375 3469 Hic
2410 3395 2642 3468 dictus
2677 3395 2809 3467 ab·

464 3516 618 3606 baS,
672 3515 843 3608 quia
894 3515 1170 3589 fecerat
1231 3514 1675 3588 mentionem
1752 3516 1844 3588 de
1904 3521 2153 3588 sancto
2214 3516 2527 3606 Zenone,
2592 3514 2805 3587 cuius

467 3635 993 3709 monasterium
1033 3635 1184 3729 ipse
1225 3633 1524 3729 egregie
1557 3634 2127 3727 gubernaverat,
2168 3632 2500 3705 dolenter
2538 3625 2797 3722 facit(¹)

468 3755 844 3846 querelam
910 3755 1001 3827 de
1063 3755 1205 3827 alio
1267 3753 1586 3847 quodam
1652 3753 1917 3826 abbate
1982 3771 2403 3825 successore
2463 3772 2620 3842 suo,
2676 3750 2801 3843 qui

468 3873 805 3965 nequiter
859 3873 1217 3945 tractabat
1269 3872 1440 3945 illud
1493 3873 1694 3946 dives
1745 3879 1820 3945 et
1871 3872 2112 3945 nobile
2162 3871 2540 3964 templum.
2588 3870 2674 3941 Et
2714 3869 2807 3942 ad

468 3991 1013 4086 intelligentiam
1069 3991 1288 4064 huius
1341 3993 1568 4065 literae
1620 3998 1908 4085 oportet
1969 3991 2178 4080 scire,
2243 3989 2439 4081 quod
2510 3995 2807 4062 mortuo

468 4107 818 4181 Eccerino
862 4107 953 4183 de
987 4109 1340 4201 Roman0,
1378 4109 1721 4182 Mastinus
1762 4108 1857 4181 de
1891 4108 1959 4180 la
2001 4106 2208 4179 Scala
2251 4105 2484 4180 factus
2526 4115 2637 4180 est
2676 4103 2809 4176 do-

469 4226 712 4299 minus
764 4229 1091 4301 Veronae.
1129 4229 1290 4315 Quo
1326 4228 1686 4302 trucidato
1720 4228 1813 4300 ab
1855 4226 2161 4318 aemuliS,
2204 4223 2540 4298 Albertus
2581 4223 2808 4297 frater

468 4345 626 4419 eius
677 4347 1022 4420 successit
1073 4348 1144 4419 in
1197 4348 1517 4421 dominio
1571 4355 1642 4420 et
1706 4346 2096 4419 vindicavit
2162 4351 2477 4419 mortem
2539 4343 2802 4416 fratris.

591 4612 644 4667 ζ’)
678 4608 739 4657 E.
773 4606 896 4657 fecit
928 4607 1254 4656 memoriam.
