3704 5559
1307 502 1580 557 cmm-us
1628 501 1981 567 QUARTUS.
2680 488 2817 556 133

482 647 599 742 ple
649 653 760 720 est
824 646 1052 739 facile,
1120 653 1195 719 et
1252 646 1409 719 sine
1472 645 1744 739 labore,
1798 649 1983 718 allm-
2042 650 2248 719 sarai
2297 650 2375 718 al
2418 650 2522 739 fin
2580 648 2651 717 d’
2677 651 2822 718 esto

482 770 805 857 seruiet-0,
859 766 1040 840 idest
1093 766 1166 838 in
1218 766 1644 839 summitate
1697 767 1982 861 montis,
2037 766 2108 840 in
2159 767 2491 861 paradiso
2526 766 2821 841 delicia-

488 906 680 981 rum,
710 886 782 958 in
819 884 965 958 fine
1001 885 1375 977 laborum3
1404 885 1599 958 unde
1632 886 1833 958 dicit:
1874 889 2059 977 quivi
2090 889 2166 958 di
2196 890 2483 978 m'posar
2517 890 2561 960 l'
2576 890 2821 958 anima

487 1006 602 1081 vel
664 1011 984 1098 offanae,
1036 1014 1328 1097 aspetca,
1383 1005 1556 1100 quia
1606 1013 1777 1079 ante
1829 1027 1975 1079 non
2025 1006 2298 1101 poteris
2362 1007 2637 1081 habere
2689 1027 2820 1081 ve-

489 1146 650 1200 ram
700 1125 1047 1220 quietem.
1101 1127 1284 1199 Nam
1338 1147 1510 1199 cum
1563 1126 1980 1220 pervenerit
2012 1127 2104 1200 ad
2138 1127 2412 1200 dictum
2447 1120 2519 1219 (¹)
2571 1129 2817 1202 locum

489 1268 633 1323 non
683 1247 1039 1321 laborabit
1089 1247 1402 1342 amplius
1437 1247 1509 1320 in
1545 1247 2025 1340 ascendendo,
2062 1248 2249 1321 sicut
2289 1248 2587 1342 videbiS‚
2622 1249 2819 1340 quod

486 1368 942 1444 ascendendo
990 1388 1123 1462 per
1172 1388 1430 1442 omnes
1478 1388 1729 1460 speras
1779 1368 1943 1440 coeli
1998 1389 2374 1462 nunquam
2415 1375 2630 1463 poeta
2681 1367 2820 1441 fin·-

488 1488 591 1584 git
641 1508 721 1562 se
770 1487 1042 1562 sentire
1094 1488 1460 1579 laborem3
1513 1492 1587 1560 et
1636 1487 1843 1560 dicit:
1877 1483 2006 1580 pist
2038 1509 2181 1560 non
2229 1493 2594 1581 ήεροηάο,
2643 1491 2818 1584 quia

490 1608 659 1681 satis
709 1613 913 1702 potes
962 1629 1085 1680 me
1137 1607 1562 1701 intelligere,
1614 1629 1651 1679 e
1701 1615 1950 1709 questo,
1984 1629 2064 1679 so
2116 1630 2249 1699 per
2297 1629 2489 1699 vem,
2549 1609 2821 1682 scilicet

489 1747 583 1802 ex
642 1732 842 1801 certa
898 1726 1199 1800 scientia
1262 1735 1337 1800 et
1396 1726 1841 1819 experientia
1898 1726 2106 1800 saciet
2174 1733 2243 1800 te
2302 1735 2610 1801 certum.
2665 1727 2821 1799 Pri-

492 1868 689 1921 mam
757 1853 1008 1922 autem
1080 1847 1643 1920 amaritudinem
1715 1847 2202 1941 perhorrescit
2278 1855 2537 1943 gustus
2609 1847 2822 1942 pigri,

489 1967 677 2043 sicut
712 1968 968 2042 *statim
1019 1968 1290 2062 patebit
1348 1968 1440 2040 de
1502 1988 1648 2040 uno
1713 1967 2133 2063 pigerrimo.
2173 2008 2272 2020 —
2311 1974 2377 2040 E
2420 1989 2630 2040 come.
2691 1968 2822 2043 Hic

488 2095 705 2184 poeta
753 2087 1005 2161 volens
1054 2087 1470 2161 describere
1520 2095 1794 2162 sectam
1856 2087 2236 2183 pigrorum
2290 2090 2545 2183 pulcre
2594 2088 2822 2184 fingit,

490 2208 688 2303 quod
755 2207 1051 2302 Virgilio
1120 2207 1289 2281 talia
1355 2207 1693 2301 dictante,
1753 2215 1827 2281 et
1877 2209 2364 2303 persuadente
2431 2228 2818 2283 ascensum

489 2327 780 2420 montiS,
852 2348 996 2401 una
1058 2348 1200 2401 vox
1272 2327 1469 2400 venit
1526 2327 1617 2400 de
1687 2334 2104 2402 transverso
2154 2328 2244 2401 ad
2296 2328 2822 2402 dissuasionem

492 2446 734 2522 huius.
786 2447 989 2521 Unde
1037 2447 1245 2520 dicit:
1299 2468 1335 2518 e
1383 2450 1736 2537 com'eyli,
1772 2446 2043 2520 scilicet
2094 2447 2452 2543 Virgilius,
2489 2449 2648 2520 ebbe
2692 2468 2824 2520 sua

478 2569 749 2659 parola
797 2569 1008 2656 delta,
1047 2588 1190 2639 una
1242 2588 1405 2639 voce
1454 2569 1529 2639 di
1570 2588 1818 2660 presso
1868 2560 2063 2638 sono.
2107 2567 2235 2639 Hic
2286 2574 2395 2641 est
2445 2567 2821 2642 sciendum
2857 2617 2862 2623 -

490 2686 688 2782 quod
740 2685 874 2759 ista
924 2686 1056 2758 suit
1107 2707 1253 2760 vox
1304 2685 1684 2759 cuiusdam
1737 2686 1945 2783 pigri,
1998 2686 2122 2781 qui
2177 2694 2481 2760 vocatus
2534 2693 2644 2760 est
2704 2686 2826 2758 Bi-

491 2808 731 2901 laqua.
784 2808 926 2881 Iste
975 2797 1209 2898 suit(²)
1264 2807 1355 2879 de
1405 2806 1793 2898 Florentia,
1846 2805 1971 2898 qui
2026 2805 2334 2879 faciebat
2384 2805 2699 2880 citharas
2749 2813 2828 2881 et

490 2929 633 3004 alia
682 2927 1168 3001 instrumenta
1220 2926 1523 3018 musica,
1574 2927 1771 3000 unde
1832 2945 2003 3000 cum
2071 2946 2338 3020 magna
2396 2945 2580 2998 cura
2631 2926 2827 2999 scul-

490 3049 710 3144 pebat
775 3054 850 3123 et
918 3046 1274 3121 incidebat
1343 3047 1527 3121 colla
1587 3053 1661 3120 et
1724 3047 1957 3140 capita
2022 3046 2498 3137 cithararum,
2560 3054 2634 3119 et
2692 3045 2828 3119 ali-

492 3167 788 3262 quando
839 3166 1056 3241 etiam
1112 3166 1464 3259 pulsabat.
1518 3166 1686 3240 Ideo
1720 3165 1989 3239 Dantes
2024 3164 2475 3239 familiariter
2520 3172 2830 3240 noverat

493 3308 695 3382 eum,
746 3286 919 3381 quia
968 3286 1369 3361 delectatus
1420 3293 1531 3360 est
1594 3286 1667 3358 in
1725 3306 1945 3377 sono;
1998 3285 2197 3359 unde
2253 3284 2441 3358 sicut
2489 3285 2830 3379 superius

492 3407 567 3482 in
618 3405 938 3481 secundo
988 3405 1305 3500 capitulo
1355 3405 1593 3500 posuit
1647 3425 1876 3478 unum
1924 3404 2242 3478 amicum
2290 3411 2695 3497 cantorem,
2730 3404 2828 3479 ita

493 3548 691 3604 nunc
741 3526 938 3622 ponit
996 3526 1224 3600 alium
1274 3527 1669 3600 sonitorem
1702 3516 1817 3619 (³);
1881 3534 1954 3599 et
2020 3526 2190 3619 quia
2244 3535 2553 3601 noverat
2601 3525 2825 3599 istum

494 3653 648 3723 tam
717 3646 1007 3741 pigrum
1078 3646 1170 3719 ad
1230 3645 1500 3740 omnia,
1555 3665 1700 3719 non
1763 3652 2009 3719 tamen
2079 3665 2416 3739 pravum,
2468 3645 2597 3718 sed
2657 3645 2830 3720 satis

496 3787 794 3862 purum,
845 3765 1008 3839 ideo
1058 3785 1231 3838 cum
1285 3764 1477 3837 bona
1526 3764 1965 3838 conscientia
2001 3763 2206 3859 fingit
2240 3764 2475 3859 ipsum
2515 3765 2828 3839 salvum.

495 3883 679 3960 Dicit
727 3905 909 3980 ergo
961 3906 1103 3959 vox
1156 3884 1360 3958 eius:
1425 3888 1622 3977 forse
1669 3886 1788 3956 che
1856 3886 1931 3956 di
1985 3885 2187 3956 seder
2250 3887 2325 3955 in
2382 3886 2553 3974 pria
2621 3887 2834 3957 avrai

496 4007 837 4095 distr-ena,
888 4003 1093 4097 quasi
1146 4003 1372 4077 dicat:
1423 4009 1819 4097 antequam
1875 4003 2255 4097 pervenias
2306 4004 2398 4076 ad
2448 4003 2836 4078 summita-

495 4129 648 4199 tem
698 4143 1002 4198 suavem
1057 4123 1356 4197 habebis
1408 4121 2131 4217 necessariolponere
2167 4129 2239 4196 te
2273 4123 2365 4196 ad
2406 4124 2833 4218 sedendum,

497 4242 685 4319 sicut
718 4244 878 4338 :jam
934 4249 1008 4317 te
1058 4242 1354 4336 posuisti
1408 4241 1661 4335 semel,
1714 4241 1923 4336 quasi
1973 4242 2164 4317 dicat
2211 4242 2532 4318 irrisive:
2571 4250 2652 4317 tu
2689 4264 2834 4320 non

498 4382 580 4438 es
626 4362 867 4439 adhuc
917 4363 1034 4437 ibi.
1089 4364 1177 4436 Et
1225 4363 1536 4438 ostendit
1587 4369 1801 4457 poeta
1845 4363 2217 4456 quomodo
2250 4363 2629 4438 devenerit
2652 4352 2726 4455 (⁴)
2759 4364 2834 4437 in

623 4549 679 4614 (¹)
709 4550 772 4601 Β·
801 4551 1124 4614 Ρωᾱὶθῑῦωο
1736 4549 1793 4613 (²)
1823 4550 1875 4600 S.
1906 4556 2037 4601 erat.

625 4624 681 4691 (Ἴ
709 4625 773 4678 Β.
804 4631 1118 4679 maiorem.
1736 4628 1790 4690 (⁸)
1822 4632 1930 4688 11¹1,
1965 4628 2299 4678 devenerunt.
