3704 5559
891 491 1032 556 546
1604 502 2008 557 coMEN'ruM
2059 504 2498 558 runGA'romr

887 647 979 721 ad
1030 646 1299 720 coelum
1354 646 1540 719 duos
1580 646 2017 720 clarissimos
2051 655 2323 742 poetaS,
2361 670 2597 721 unum
2640 648 3050 741 antiquum,
3087 646 3231 720 sci-

887 766 1075 860 licet,
1130 765 1464 859 Statium,
1531 766 1758 839 alium
1819 767 2286 861 modernum,
2357 768 2647 860 scilicet,
2716 769 3067 842 Dantem:
3135 766 3228 839 de

887 885 1185 983 Virgilio
1238 905 1384 958 non
1435 884 1720 979 loquor,
1754 886 1926 979 quia
1963 908 2107 960 non
2162 888 2289 962 ivit
2328 888 2421 961 ad
2463 887 2755 961 coelum.
2783 928 2883 941 —
2906 890 3058 959 Poi.
3095 885 3222 958 Hic

886 1015 1103 1105 poeta
1152 1003 1490 1078 describit
1540 1004 1942 1079 clamorem
1994 1006 2120 1100 qui
2150 999 2225 1099 (¹)
2278 1013 2386 1081 est
2437 1013 2733 1081 secutus
2797 1006 2889 1080 ad
2949 1012 3224 1080 tremo-

889 1149 1084 1202 rem:
1138 1128 1336 1199 bunc
1387 1126 1784 1199 clamorem
1841 1146 2192 1221 magnum
2232 1127 2565 1202 fecerunt
2602 1127 2894 1222 spiritus
2935 1147 3026 1201 ex
3064 1147 3222 1199 ma-

886 1268 1035 1343 gno
1068 1244 1338 1341 gaudio
1373 1265 1504 1338 per
1537 1243 2040 1319 liberationem
2080 1244 2302 1339 Statii,
2341 1253 2423 1319 ut
2462 1246 2747 1320 dicetur
2785 1246 2854 1318 in
2890 1245 3219 1339 sequenti

887 1367 1225 1461 capitulo.
1280 1363 1466 1437 Dicit
1505 1384 1725 1459 ergo:
1763 1368 1897 1436 Poi
1928 1358 2263 1438 comincid
2296 1369 2393 1438 da
2428 1375 2583 1440 tutte
2620 1370 2818 1460 parti
2848 1387 2944 1438 un
2983 1366 3218 1456 yridO,

890 1507 1024 1583 per
1075 1505 1330 1560 omnes
1397 1484 1708 1558 circulos
1762 1484 2047 1577 montiS,
2103 1489 2225 1574 tal,
2283 1488 2401 1558 che
2425 1490 2477 1559 ’l
2533 1494 2838 1559 maeslro
2897 1480 3096 1556 iuver
3143 1486 3217 1556 di

886 1629 996 1681 me
1044 1610 1109 1680 si
1149 1611 1290 1701 see,
1333 1605 1424 1679 ad
1482 1624 1944 1698 succursum,
1986 1606 2314 1678 dicendo:
2349 1627 2494 1679 non
2542 1608 2839 1679 dubbiar
2889 1606 3217 1677 mentr'io

888 1732 940 1802 ti
985 1729 1226 1819 quido,
1296 1726 1502 1819 idest,
1554 1745 1699 1798 non
1751 1724 2008 1798 timeas
2058 1725 2291 1799 donec
2342 1725 2532 1800 duco
2591 1733 2686 1819 te,
2739 1727 2909 1820 quia
2973 1725 3031 1797 si
3089 1723 3222 1797 de-

887 1847 1080 1922 fendi
1122 1853 1195 1920 te
1229 1846 1303 1919 in
1354 1845 1636 1920 inferno
1689 1850 1942 1918 contra
1977 1844 2223 1918 omnia
2267 1846 2637 1939 terribilia,
2674 1851 2947 1940 quanto
2985 1842 3216 1938 magis

886 1968 961 2041 in
1013 1965 1460 2063 purgatorio.
1532 1965 1620 2037 Et
1687 1964 1997 2058 explicat
2066 1984 2323 2038 vocem
2388 1964 2889 2057 clamantium,
2940 1963 3219 2037 dicens:

886 2091 1035 2162 tutti
1081 2091 1325 2161 dicean
1342 2111 1365 2157 .·
1424 2088 1669 2158 Gloria
1717 2088 1792 2157 in
1843 2088 2154 2159 Excelsis
2200 2090 2375 2176 De0,
2420 2107 2553 2177 per
2604 2088 2760 2177 quel
2807 2087 2926 2158 che
2970 2087 3066 2156 da
3117 2085 3222 2154 vi-

884 2211 996 2279 cin
1047 2208 1412 2297 compresi,
1464 2225 1508 2277 a
1539 2195 1610 2295 (²)
1649 2204 2015 2298 spiritibus
2060 2205 2155 2278 ibi
2193 2205 2628 2300 jacentibuS,
2664 2208 2846 2278 onde
2895 2208 2962 2277 lo
3010 2204 3219 2294 qrido

882 2330 947 2399 si
988 2331 1192 2417 poteo
1241 2326 1613 2396 intendere.
1668 2322 1753 2394 Et
1795 2323 1897 2396 sic
1932 2324 2095 2398 vide
2130 2324 2329 2418 quod
2361 2333 2575 2420 poeta
2614 2325 2875 2399 merito
2912 2326 3051 2397 boc
3088 2321 3225 2395 fin-

883 2447 1008 2543 git.
1065 2445 1268 2520 Sicut
1318 2444 1513 2518 enim
1565 2444 1803 2540 angeli
1858 2451 2343 2518 cantaverunt
2374 2466 2546 2519 cum
2584 2445 2826 2519 laetitia
2862 2446 3218 2540 hymnum

891 2567 1113 2641 istum
1167 2565 1462 2659 quando
1513 2571 1729 2638 natus
1780 2571 1890 2638 est
1941 2564 2382 2659 Redemptor
2436 2565 2686 2639 mundi
2720 2556 2822 2658 (³),
2874 2565 2974 2638 ita
3026 2581 3220 2637 nunc

888 2688 1182 2784 spiritus
1236 2685 1529 2781 quando
1581 2684 1887 2759 liberata
1939 2691 2050 2758 est
2106 2684 2372 2758 anima.
2440 2686 2527 2758 Et
2586 2684 2815 2781 tangit
2876 2683 3219 2758 effectum

883 2809 1226 2883 clamoris
1260 2807 1543 2882 dicens:
1580 2810 1702 2880 noi
1740 2810 1804 2879 ci
1827 2813 2204 2879 reslammo
2236 2807 2568 2878 immobili
2597 2828 2635 2878 e
2666 2809 2954 2898 sospesi,
2987 2804 3220 2878 allecit

887 2928 1250 3002 suavitate
1277 2934 1558 3020 cantus,
1594 2948 1785 2999 come
1813 2929 1843 2999 i
1867 2928 2167 3017 pastori,
2214 2931 2547 3019 tempore
2590 2925 2980 2998 nativitatis
3013 2924 3224 2998 Chri-

886 3048 999 3141 sti,
1051 3051 1172 3121 che
1203 3051 1376 3141 pria
1408 3050 1572 3121 udir
1607 3050 1764 3137 quel
1790 3053 2024 3136 οαηιο,
2062 3045 2352 3138 scilicet,
2388 3045 2619 3139 gloria
2669 3045 2742 3118 in
2796 3045 3101 3119 excelsis
3119 3032 3220 3137 (⁴),

876 3170 980 3259 fin
1014 3170 1134 3240 che
1157 3171 1207 3239 ’l
1239 3175 1505 3241 tremar
1546 3159 1762 3256 cesso,
1809 3165 2138 3239 similiter
2187 3172 2264 3238 et
2313 3165 2627 3257 clamor3
2679 3170 2746 3236 et
2789 3166 2846 3235 e’
2871 3159 3219 3256 compieki,

886 3286 1060 3379 quia
1113 3287 1391 3360 clamor
1442 3288 1662 3360 durat
1711 3285 2065 3378 quamdiu
2130 3293 2429 3360 tremor.
2485 3285 2572 3357 Et
2633 3284 2748 3358 bic
2800 3289 2971 3357 nota
3023 3282 3219 3377 quod

881 3405 1020 3479 ista
1074 3405 1393 3478 secunda
1445 3404 1895 3499 comparatio
1947 3424 2093 3477 non
2133 3414 2375 3499 posset
2432 3424 2593 3478 esse
2645 3404 2876 3500 magis
2928 3403 3217 3499 propria

882 3524 975 3599 de
1026 3524 1437 3620 pastoribus
1486 3524 1577 3597 ad
1627 3530 1900 3618 poetaS,
1955 3545 2139 3617 quos
2190 3544 2481 3619 semper
2523 3524 2862 3620 Virgilius
2908 3524 3213 3619 appellat

879 3653 1208 3742 pastores
1258 3646 1443 3719 libro
1494 3644 2049 3719 Bucolicorum:
2104 3650 2176 3718 et
2227 3644 2355 3739 ipsi
2409 3645 2558 3717 duo
2611 3651 2823 3718 erant
2882 3644 3029 3718 duo
3086 3662 3218 3737 pa-

884 3775 1121 3842 stores
1153 3765 1427 3860 optimi,
1468 3787 1659 3838 unus
1693 3772 1927 3858 vetuS,
1964 3765 2150 3840 alter
2186 3767 2719 3839 novus—Poi.
2757 3765 2967 3838 Nunc
3000 3771 3211 3858 poeta

888 3887 1289 3963 revertitur
1346 3884 1438 3959 ad
1500 3884 1886 3959 materiam
1941 3905 2177 3977 suam,
2229 3884 2507 3958 dicens:
2565 3886 2696 3957 Poi
2741 3885 3211 3976 ripiyliammo

881 4015 1127 4083 nostro
1178 4009 1409 4079 camin
1440 4012 1672 4096 santo,
1717 4004 1914 4098 quod
1948 4024 2212 4099 parum
2250 4003 2879 4078 intermiseramus
2916 4008 3213 4097 propter

886 4135 1290 4203 tremorem
1344 4132 1417 4200 et
1467 4132 1789 4218 cantum,
1842 4126 2270 4216 quardando
2312 4127 2356 4195 l'
2381 4124 2643 4216 ombre,
2681 4123 2881 4216 idest,
2926 4122 3209 4195 animas

880 4269 1306 4340 avarorum,
1342 4249 1460 4319 che
1491 4250 1786 4337 yiacean
1825 4267 1964 4338 per
1999 4253 2195 4318 terra
2229 4251 2500 4317 tornace
2536 4234 2683 4336 yid,
2722 4243 3011 4336 scilicet,
3054 4248 3214 4337 post

1001 4462 1057 4526 (¹)
1091 4463 1153 4512 E.
1187 4463 1274 4526 qui
1308 4469 1656 4526 consequutus
1687 4467 1763 4512 est
1795 4461 1877 4511 ad.
2157 4461 2212 4524 (¹)
2243 4462 2305 4512 B.
2340 4462 2538 4511 scilicet
2569 4475 2597 4510 a
2630 4462 2908 4524 spiritibus.

1001 4541 1055 4601 (⁸)
1091 4540 1150 4588 E.
1184 4539 1361 4587 mundi
1395 4539 1790 4600 pretiosissimus
1823 4534 2075 4588 Dominus
2107 4544 2283 4589 noster
2313 4539 2463 4588 lesus
2493 4537 2742 4598 Christus,
2775 4538 2843 4588 ita
2875 4551 3031 4587 nunc.

1001 4617 1058 4680 (⁸)
1088 4616 1147 4667 E.
1180 4614 1395 4665 excelsis
1428 4616 1554 4676 Deo,
1586 4617 1661 4680 fin
1690 4617 1794 4666 ohe.
