3704 5559
1274 549 1278 553 ἢ
1366 487 1643 542 CANTUs
1693 487 1981 541 sEx‘rUs.
2706 475 2843 540 175

500 651 649 704 non
717 628 961 725 dubia,
1040 650 1185 704 non
1259 630 1710 725 scrupulosa,
1774 652 1812 703 e
1881 634 1952 703 la
2020 651 2375 722 speranza
2442 633 2518 703 di
2580 637 2842 722 coscor,

501 771 727 843 quam
778 757 1060 844 ponunt
1111 749 1182 823 in
1235 750 1575 844 precibus
1635 750 1911 844 alienis,
1966 771 2110 822 non
2165 753 2371 844 salla,
2425 750 2626 843 idest,
2699 771 2846 823 non

499 876 607 943 est
663 890 874 963 vana,
930 876 1013 942 ut
1064 869 1259 962 dicis,
1312 869 1499 942 sicut
1550 869 1718 943 dicit
1770 869 2066 944 Boetius
2130 870 2202 942 in
2255 869 2438 943 fine:
2493 870 2640 944 Nec
2691 870 2848 942 fru-

498 998 650 1064 stra
718 994 889 1062 sunt
953 989 1026 1062 in
1087 989 1240 1063 Deo
1271 980 1342 1080 (¹)
1416 1009 1713 1084 preces;
1779 1011 1852 1061 se
1921 990 2048 1060 ben
2105 992 2168 1061 si
2223 993 2509 1079 ,quarda
2575 1010 2701 1061 con
2770 991 2843 1062 la

496 1115 717 1181 mente
764 1129 973 1201 sana,
1027 1108 1232 1203 idest,
1278 1108 1496 1183 oculo
1547 1108 1867 1182 mentali.
1925 1109 2011 1181 Et
2062 1109 2383 1183 declarat
2433 1109 2671 1203 primo
2725 1129 2843 1183 se-

497 1228 814 1302 cundam
866 1235 1174 1324 partem,
1229 1235 1302 1302 et
1353 1228 1543 1321 dicit,
1592 1228 1789 1322 quod
1841 1229 1900 1301 si
1955 1229 2314 1302 terminus
2363 1228 2742 1303 brevietur
2767 1220 2838 1321 (²)

497 1346 647 1419 istis
698 1367 955 1421 amore
1007 1354 1426 1422 sanctarum
1480 1367 1811 1442 precum,
1868 1368 2013 1421 non
2061 1355 2310 1422 tamen
2362 1355 2696 1423 mutatur
2748 1369 2842 1423 ex

497 1468 635 1541 hoc
687 1467 1069 1541 consilium
1120 1468 1270 1542 Dei.
1309 1468 1490 1541 Dicit
1540 1489 1754 1564 ergo:
1792 1465 1917 1542 che*
1944 1472 2126 1541 eima
2160 1472 2236 1542 di
2264 1471 2593 1561 qiudicio,
2632 1469 2837 1562 idest,

496 1586 799 1662 altitudo
851 1594 926 1662 et
965 1588 1413 1683 profunditas
1449 1589 1667 1663 divini
1700 1588 1978 1683 judicii,
2015 1610 2158 1662 non
2199 1590 2254 1661 s'
2280 1593 2590 1681 avvalla,
2633 1589 2837 1682 idest,

496 1728 644 1780 non
694 1708 1169 1805 demergitur,
1224 1730 1370 1782 non
1423 1707 1720 1802 tollitur,
1745 1705 2007 1801 perche*
2046 1713 2209 1802 soco
2251 1712 2319 1781 d’
2347 1730 2580 1800 amor,
2633 1709 2840 1803 idest,

496 1827 716 1901 ardor
779 1828 1099 1903 caritatis
1166 1829 1475 1903 alicuius
1538 1830 1735 1924 juste
1803 1828 2191 1922 precantis,
2262 1831 2536 1920 compia
2601 1831 2676 1901 in
2748 1848 2844 1900 un

487 1954 734 2040 puntO,
794 1948 997 2043 idest,
1050 1948 1375 2044 perficiat
1442 1949 1516 2022 in
1567 1955 1971 2042 momente,
2023 1940 2129 2020 οἱὸ
2179 1950 2298 2020 che
2348 1951 2470 2021 dee
2519 1951 2839 2041 satissar,

497 2066 788 2162 scilicet,
841 2088 973 2162 per
1023 2069 1327 2165 longum
1383 2074 1693 2161 tempuS,
1746 2069 1855 2140 chi
1903 2071 2021 2159 qui
2058 2070 2114 2139 ,ς’
2144 2070 2425 2158 ascalla,
2462 2067 2666 2161 idest,
2721 2067 2842 2142 ille

496 2187 619 2280 qui
679 2187 796 2262 hic
862 2195 1024 2282 stat,
1079 2196 1154 2261 et
1211 2209 1499 2262 moram
1564 2188 1732 2262 facit
1792 2208 1924 2282 per
1991 2194 2282 2261 tantum
2343 2194 2655 2281 tempus,
2710 2208 2843 2281 per

497 2314 857 2401 quantum
921 2308 1232 2384 tardavit
1301 2308 1844 2403 poenitentiam,
1901 2308 2069 2402 quia
2133 2308 2328 2403 apud
2391 2308 2627 2381 Deum
2696 2328 2843 2380 non

498 2427 732 2501 currit
783 2434 1093 2522 tempuS,
1148 2433 1220 2502 et
1272 2427 1423 2522 ipse
1474 2448 1731 2502 omnes
1780 2428 2103 2502 actiones
2137 2427 2522 2501 hominum
2559 2447 2844 2521 praeve-

497 2546 602 2619 nit
652 2553 726 2620 et
777 2546 1107 2640 praevidit
1159 2547 1379 2620 istum
1435 2555 1875 2645 rogaturum
1928 2569 2061 2643 pro
2113 2548 2272 2640 ist0,
2322 2547 2510 2621 sicut
2559 2547 2841 2642 Grego-

497 2667 650 2740 rius
719 2666 958 2741 oravit
1027 2688 1158 2761 pro
1227 2667 1560 2762 Traiano,
1624 2674 1706 2740 ut
1770 2668 2055 2761 dicetur
2119 2668 2305 2741 infra
2372 2666 2689 2761 capitulo
2751 2666 2836 2738 X.

496 2788 771 2863 Deinde
821 2788 1145 2862 declarat
1197 2787 1519 2882 primum
1562 2787 1837 2861 dictum
1883 2809 2131 2880 suum,
2167 2794 2240 2860 et
2280 2787 2486 2860 dicit:
2524 2808 2560 2858 e
2595 2775 2667 2859 ld
2707 2788 2839 2859 do-

497 2913 561 2982 v'
586 2914 656 2983 io
701 2912 962 3004 sermai
1009 2914 1259 2981 cotesto
1313 2913 1558 3001 purete,
1611 2907 1902 3000 scilicet,
1957 2907 2029 2980 in
2100 2907 2404 2999 inferno,
2461 2906 2585 2979 ubi
2635 2905 2841 2979 affir-

496 3029 769 3105 mative
819 3027 1030 3123 posui
1084 3029 1298 3102 istam
1350 3027 1808 3122 sententiam,
1845 3027 2118 3101 scilicet
2169 3026 2365 3120 quod
2420 3027 2641 3100 homo
2693 3044 2839 3097 non

496 3149 710 3224 debet
762 3168 1061 3244 sperare
1112 3168 1322 3242 posse
1362 3148 1659 3222 flectere
1700 3147 2059 3243 judicium
2115 3147 2243 3221 Dei
2297 3146 2658 3242 precibuS,
2700 3167 2843 3218 non

497 3275 560 3345 si
591 3273 1059 3344 ammendava
1077 3291 1209 3363 per
1237 3289 1510 3362 preyar
1557 3272 1820 3363 disetto,
1857 3275 1931 3342 et
1964 3267 2283 3364 assignat
2317 3288 2642 3361 causam,
2673 3289 2845 3359 per-

497 3389 619 3467 che*
638 3395 690 3466 ’l
722 3412 954 3485 preyo
1004 3393 1101 3463 da
1151 3393 1289 3462 Dio
1323 3411 1453 3462 era
1493 3391 1866 3483 disyiunto,
1906 3388 2101 3482 quia,
2138 3388 2406 3462 scilicet
2445 3387 2520 3461 in
2561 3388 2845 3462 inferno

504 3511 724 3588 fiebat
765 3511 882 3585 illa
918 3510 1262 3605 precatio,
1302 3509 1429 3582 ubi
1480 3509 1680 3582 nulla
1717 3515 1827 3582 est
1873 3508 2326 3602 redempti03
2380 3514 2452 3581 et
2492 3507 2665 3600 quia
2709 3508 2845 3580 hoc

499 3632 635 3705 fuit
684 3637 856 3705 ante
915 3629 1314 3704 adventum
1381 3627 1666 3723 Christi,
1721 3649 1869 3722 quo
1930 3634 2265 3722 tempore
2328 3627 2609 3701 etiamsi
2676 3647 2846 3699 san-

498 3750 860 3827 ctissimus
910 3751 1213 3845 MoyseS,
1269 3748 1395 3842 qui
1446 3748 1787 3843 precibus
1838 3746 1988 3821 suis
2041 3748 2303 3821 totiens
2354 3746 2554 3820 flexit
2603 3746 2843 3818 Deum

498 3871 867 3948 volentem
919 3868 1232 3965 perdere
1282 3869 1638 3962 populum
1693 3867 1766 3940 in
1817 3867 1928 3941 ira
1979 3887 2136 3961 sua,
2191 3869 2519 3962 rogasset
2555 3885 2688 3958 pro
2723 3884 2843 3938 sa-

498 3991 652 4065 lute
728 3990 1013 4085 Joseph,
1097 3988 1215 4062 vel
1283 3988 1587 4062 alterius
1645 3987 1823 4083 justi
1893 3985 2234 4079 defuncti,
2311 4005 2456 4058 non
2530 3983 2849 4058 flexisset

498 4110 762 4205 Deum,
816 4109 989 4203 quia
1041 4109 1143 4183 sic
1195 4114 1551 4182 statutum
1606 4114 1768 4183 erat
1796 4098 1897 4202 (³),
1965 4127 2060 4181 ne
2117 4104 2378 4199 aliquis
2437 4105 2849 4180 salvaretur

497 4232 732 4307 donec
781 4230 1066 4306 veniret
1116 4230 1472 4305 Salvator.
1528 4230 1617 4302 Et
1666 4228 1907 4302 subdit
1969 4226 2312 4323 Virgilius
2372 4247 2593 4299 suum
2660 4226 2850 4322 opti-

500 4373 711 4456 mum
781 4349 1161 4426 consilium
1214 4350 1410 4425 circa
1478 4350 1700 4423 talem
1771 4349 2182 4442 materiam,
2244 4352 2319 4422 et
2381 4349 2538 4421 vult
2605 4346 2848 4422 dicere

620 4542 678 4604 (¹)
709 4541 759 4593 S·
793 4541 905 4593 Deo
937 4541 1115 4605 posita
1149 4554 1279 4604 spes,
1314 4552 1511 4605 preces,
1546 4538 1684 4603 qula,
1717 4551 1769 4587 se
1799 4537 1908 4587 bon.

622 4617 679 4683 (¹)
710 4618 773 4669 E.
804 4618 1084 4670 breviatur.
1834 4611 1889 4675 (“)
1924 4615 2031 4674 117,
2064 4616 2179 4664 erat
2211 4616 2351 4675 tunc,
2383 4626 2465 4663 ne.
