3704 5559
905 496 1048 564 454
1635 510 2041 565 coMEN'ruM
2091 509 2528 565 PURGA'ronn

903 654 1193 749 scilicet,
1247 653 1520 750 Virgilii
1586 654 1710 748 qui
1765 653 2073 729 fideliter
2133 654 2452 728 ducebat
2502 672 2645 746 me,
2700 658 2774 726 et
2836 673 2976 748 ego
3028 660 3241 728 caute

899 777 1264 870 sequebar
1300 795 1476 849 eum
1520 775 1671 869 pari
1727 796 1942 869 passu
1982 795 2113 869 per
2150 774 2454 870 vestigia
2498 773 2680 867 eiuS,
2716 776 2906 863 τις-οἵ,
2949 772 3239 866 scilicet,

901 918 1063 993 ego,
1120 901 1291 991 fuor
1350 898 1425 969 di
1481 898 1582 968 tal
1645 896 1845 986 nube,
1898 894 2102 990 idest,
2157 916 2249 970 ex
2310 895 2516 968 i'umo
2577 893 2984 967 obscuriori
3046 894 3241 967 omni

902 1017 1099 1091 nube
1150 1016 1267 1091 vel
1318 1017 1610 1110 nebula,
1665 1019 1737 1088 ai
1782 1019 1999 1107 raqqi
2036 1019 2273 1107 morti,
2310 1020 2607 1109 propter
2655 1034 3000 1087 occasum
3048 1013 3237 1106 dicit,

899 1127 1021 1228 9ίά
1069 1139 1182 1207 nei
1231 1137 1419 1208 bassi
1468 1139 1593 1208 lidi
1608 1163 1638 1228 ,·
1674 1136 1845 1229 quia
1883 1136 1990 1209 sol
2026 1135 2322 1229 quando
2357 1133 2639 1228 occidit,
2676 1133 2967 1207 videtur
3011 1135 3238 1231 mergi

901 1257 975 1329 in
1027 1256 1235 1330 mari.
1287 1258 1377 1329 Et
1424 1256 1802 1330 considera
1838 1262 2199 1351 quantum
2238 1254 2687 1349 comparatio
2724 1255 3098 1348 praemissa
3135 1263 3243 1330 est

899 1376 1414 1472 propriissima.
1455 1377 1677 1451 Poeta
1730 1376 1924 1451 enim
1961 1376 2140 1449 dum
2178 1375 2522 1450 transiret
2557 1395 2686 1468 per
2721 1375 2999 1469 Alpem,
3038 1375 3239 1465 idest,

899 1495 1119 1589 viam,
1173 1503 1247 1570 et
1300 1496 1685 1570 materiam
1738 1496 2004 1570 fortem
2057 1495 2187 1569 irae
2237 1516 2409 1570 cum
2467 1494 2790 1568 maximo
2834 1495 3086 1569 labore
3127 1494 3244 1567 in-

899 1623 1207 1691 venerat
1258 1617 1627 1710 nebulam,
1682 1616 1888 1710 idest,
1941 1616 2231 1689 fumum
2299 1615 2450 1709 irae,
2502 1635 2634 1711 per
2685 1636 2910 1708 quem
2977 1615 3243 1688 transi-

898 1746 1111 1813 verat
1159 1738 1444 1831 illaesuS,
1481 1738 1670 1811 duce
1706 1736 2024 1834 virgilie,
2061 1743 2134 1811 et
2170 1758 2367 1810 nunc
2402 1736 2695 1810 tandem
2734 1736 2805 1808 in
2842 1735 2986 1811 fine
3019 1736 3241 1831 ipsius

897 1859 1079 1932 fumi
1131 1858 1513 1953 incipiebat
1578 1857 1935 1951 revidere,
1990 1877 2137 1930 non
2202 1862 2452 1931 tamen
2518 1857 2770 1952 plene,
2834 1856 2960 1930 sed
3021 1858 3242 1951 paulo

899 1985 1057 2073 post
1107 1985 1472 2074 purgatur
1510 1970 1582 2070 (¹)
1639 1978 1733 2051 ab
1768 1979 2032 2074 angelo
2069 1997 2376 2051 excussa
2413 1976 2613 2050 omni
2656 1978 2856 2051 nube
2891 1976 3236 2073 caliginiS,

897 2117 1066 2190 quae
1114 2097 1425 2190 amplius
1485 2117 1632 2170 non
1702 2097 1915 2171 laedet
1976 2097 2217 2170 visum
2287 2096 2466 2171 eius.
2505 2138 2602 2150 —
2639 2100 2698 2169 O
2754 2099 3237 2187 imayinativa.

895 2215 1105 2289 Nunc
1155 2226 1367 2310 poeta
1431 2216 1681 2290 volens
1749 2216 2166 2291 describere
2230 2237 2457 2290 unam
2525 2216 2904 2311 visionem,
2958 2216 3030 2289 in
3092 2238 3237 2311 qua

900 2333 1075 2407 vidit
1126 2341 1433 2408 caeteros
1467 2326 1538 2426 (²)
1596 2334 1901 2409 effectus
1950 2335 2102 2429 irae,
2156 2356 2249 2409 ex
2300 2336 2781 2410 admiratione
2816 2336 3051 2431 primo
3106 2356 3239 2411 ex-

896 2454 1162 2527 clamat
1212 2475 1432 2549 super
1485 2454 1649 2528 forti
1703 2453 2246 2550 imaginatione,
2290 2476 2456 2549 quae
2499 2455 2867 2529 interdum
2924 2454 3240 2529 vindicat

896 2580 1122 2649 totam
1161 2575 1482 2649 animam
1520 2574 1673 2648 sibi.
1712 2573 1896 2648 Dicit
1930 2594 2111 2671 ergo
2160 2574 2633 2649 admirative:
2681 2579 2766 2663 O,
2800 2576 3234 2650 adverbium

895 2700 1004 2767 est
1071 2694 1472 2769 adiurantis
1499 2685 1600 2790 (³),
1662 2696 2157 2787 imaginativa,
2219 2696 2338 2767 che
2397 2716 2484 2769 ne
2541 2694 2735 2786 rube,
2798 2694 3003 2790 idest,
3069 2715 3242 2789 quae

895 2815 1204 2889 derobas
1241 2837 1373 2889 nos
1409 2823 1480 2890 et
1515 2816 1888 2910 praedariS,
1925 2819 2211 2889 talvolta
2242 2808 2303 2888 εὶ
2336 2818 2411 2889 di
2444 2821 2638 2910 faor,
2679 2836 3067 2892 removens
3110 2839 3243 2892 nos

893 2934 987 3009 ab
1038 2936 1379 3009 omnibus
1420 2936 1749 3009 sensibus
1786 2936 2297 3030 exterioribus,
2334 2939 2435 3008 ch’
2460 2957 2623 3008 nom
2657 2958 2802 3009 non
2841 2941 3241 3029 s’accorye,

886 3052 1142 3146 perche*
1169 3057 1499 3128 dimorno
1531 3058 1785 3128 suonin
1820 3058 2002 3127 mille
2046 3055 2240 3147 tube;
2278 3055 2483 3148 quasi
2530 3055 2741 3149 dicat,
2780 3057 2974 3149 quod
3015 3056 3243 3130 homo

891 3194 1037 3247 non
1087 3174 1291 3251 audit
1342 3175 1827 3248 instrumenta
1879 3174 2161 3248 musica
2211 3194 2478 3248 sonora
2545 3176 2848 3249 solentia
2909 3177 3222 3248 multum

896 3292 1220 3366 excitare
1269 3293 1645 3387 auditum,
1701 3300 1774 3367 et
1826 3293 1923 3366 ita
1977 3314 2123 3366 non
2186 3294 2381 3368 videt
2432 3295 2627 3370 mille
2687 3296 3030 3370 mulieres
3078 3295 3236 3369 for—

893 3431 1134 3484 mosas
1194 3412 1360 3486 licet
1423 3419 1796 3487 transeant
1845 3419 2018 3487 ante
2078 3414 2331 3487 oculos
2401 3414 2584 3508 eiuS,
2638 3421 2711 3488 et
2762 3415 2859 3488 ita
2910 3415 3000 3490 de
3050 3415 3227 3488 aliis.

887 3530 1056 3604 Ideo
1110 3530 1372 3605 merito
1423 3532 1600 3626 petit
1649 3532 1741 3606 de
1791 3538 1944 3606 tam
1999 3532 2307 3607 mirabili
2369 3534 2882 3627 abstractione,
2946 3534 3232 3609 dicens:

888 3654 997 3726 chi
1027 3673 1316 3724 muovea
1342 3660 1426 3744 ce,
1453 3675 1528 3725 se
1551 3656 1603 3726 'l
1629 3675 1833 3726 senso
1868 3674 2012 3726 non
2049 3657 2098 3727 li
2118 3661 2403 3747 porye?
2439 3655 2641 3749 idest,
2679 3655 2961 3729 confert
3003 3655 3235 3729 motui

890 3776 1070 3846 tuo?
1105 3773 1307 3866 quasi
1347 3774 1572 3848 dicat:
1610 3795 1779 3848 cum
1821 3774 2244 3870 imaginatio
2281 3795 2425 3848 non
2463 3775 2552 3848 sit
2588 3777 2742 3850 sine
2783 3796 3026 3871 sensu,
3057 3775 3229 3869 quid

888 3894 1232 3968 movebat
1284 3902 1356 3969 te
1407 3900 1649 3968 nunc?
1700 3896 1788 3968 Et
1850 3895 2197 3969 continuo
2262 3896 2650 3990 respondet
2711 3896 2844 3969 sibi
2906 3896 3061 3991 ipsi,
3125 3895 3235 3970 di-

887 4034 1101 4089 cens:
1155 4019 1508 4089 Muoveali
1556 4019 1759 4106 lume,
1797 4015 2000 4109 idest,
2038 4016 2412 4090 influentia
2465 4017 2651 4110 coeli,
2709 4038 2843 4108 per
2892 4039 2992 4108 se,
3044 4016 3235 4091 scili-

885 4141 1021 4229 cet,
1074 4156 1164 4210 ex
1232 4143 1495 4209 natura
1559 4135 1748 4229 coeli,
1804 4135 1999 4229 quod
2067 4135 2295 4210 initiat
2362 4145 2608 4211 motus
2673 4144 2983 4230 nostroS‚
3048 4143 3132 4211 ut
3159 4125 3232 4228 (⁴)

874 4255 1032 4347 jam
1103 4253 1249 4326 dixi
1316 4255 1630 4350 capitulo
1694 4256 2182 4350 praecedenti3
2249 4278 2293 4328 o
2345 4279 2478 4349 per
2543 4261 2735 4330 voler
2793 4261 2912 4330 che
2976 4253 3096 4348 92'1'1
3165 4259 3235 4329 lo

883 4392 1156 4463 ςοονρε,
1228 4372 1430 4468 idest,
1499 4374 1613 4447 vel
1673 4396 1718 4449 a
1788 4374 2167 4484 voluntate
2234 4376 2498 4472 divina,
2571 4398 2740 4471 quae
2809 4376 3227 4451 transmittit

1007 4558 1062 4620 (¹)
1094 4559 1145 4608 S.
1179 4559 1515 4622 purgabatur.
2111 4560 2166 4626 (¹)
2202 4564 2263 4612 Ε.
2297 4570 2467 4616 certos
2498 4563 2731 4615 effectus».

1007 4633 1059 4694 (⁹)
1092 4635 1152 4685 E.
1187 4635 1502 4686 admirantis·
2117 4639 2170 4701 (⁸)
2202 4640 2253 4690 S.
2286 4646 2345 4692 ut
2369 4643 2480 4706 jam
2512 4643 2654 4693 dixit.
