3704 5559
1205 488 1482 584 CAN'rUs
1532 530 1849 584 necmns
1900 530 2188 583 sExTUS.
2720 517 2859 582 429

509 678 751 752 adhuc
804 676 878 748 in
930 675 1079 748 vita
1134 675 1518 770 corporali,
1575 697 1743 749 nam
1798 676 2072 749 mortui
2117 695 2261 749 non
2301 674 2631 750 dividunt
2671 682 2861 748 tem-

508 817 668 892 puS,
722 794 897 889 quia
950 798 1244 887 tempus
1295 814 1441 867 non
1493 796 1728 868 currit
1779 795 1920 889 eis3
1972 795 2098 869 sed
2150 795 2477 869 viventes
2529 795 2654 888 sie,
2691 814 2865 867 nam

511 915 839 991 dividunt
869 906 940 1005 (¹)
1011 933 1340 988 mensem
1395 934 1524 1008 per
1588 914 1956 1007 kalendaS,
2011 914 2172 987 idus
2235 921 2310 988 et
2378 933 2607 987 nonas
2650 914 2864 1008 juxta

514 1034 730 1108 illud:
783 1055 913 1106 sex
962 1053 1191 1105 nonas
1241 1035 1491 1125 maius,
1549 1036 1851 1124 october,
1884 1035 2109 1123 julius
2139 1025 2211 1125 (²)
2264 1040 2331 1105 et
2389 1054 2587 1106 mars
2612 1058 2636 1104 .·
2688 1051 2866 1123 qua-

519 1163 680 1229 tuor
727 1161 802 1226 at
848 1156 1122 1245 reliqui,
1157 1159 1333 1225 tenet
1367 1155 1524 1225 idus
1565 1154 1838 1243 quilibet
1869 1161 2043 1226 οσιο.
2082 1153 2196 1227 Sic
2233 1174 2414 1249 ergo
2449 1153 2614 1227 vide
2667 1151 2862 1246 quod

520 1277 656 1351 iste
705 1276 992 1348 Marcus
1041 1272 1283 1347 fuerat
1332 1272 1739 1367 suspicatus
1798 1284 2093 1369 poetam
2152 1293 2315 1348 esse
2376 1273 2651 1365 vivum,
2706 1278 2863 1344 tum

521 1393 694 1490 quia
754 1397 1083 1467 senserat
1145 1398 1429 1465 motum
1498 1392 1689 1466 aeris
1740 1384 2021 1466 ‘fumosi
2085 1392 2341 1488 grossi,
2405 1411 2629 1486 quem
2692 1409 2865 1463 eum

521 1533 831 1609 corpore
883 1512 1222 1605 faciebat3
1277 1519 1436 1585 tum
1493 1512 1665 1605 quia
1716 1512 2103 1588 audiverat
2152 1511 2458 1587 modum
2494 1508 2862 1605 loquendi,

522 1636 694 1730 quia
747 1634 1033 1708 dixerat
1081 1632 1239 1706 illos
1289 1632 1584 1726 spiritus
1636 1652 1796 1707 esse
1847 1653 2033 1725 quos
2082 1632 2449 1725 audiebat,
2494 1636 2567 1705 et
2617 1630 2719 1703 sic
2755 1628 2868 1702 vi-

521 1755 832 1830 debatur
883 1752 1277 1828 excludere
1329 1773 1408 1826 se
1456 1774 1501 1826 a
1555 1772 1868 1827 numero
1909 1753 2226 1826 illorum.
2271 1754 2358 1825 Et
2392 1751 2636 1825 subdit
2668 1770 2862 1845 prae-

523 1879 817 1968 ceptum
845 1871 1140 1968 Virgilii,
1167 1871 1323 1945 sine
1358 1872 1568 1945 cuius
1604 1871 1891 1948 licentia
1928 1871 2100 1946 nihil
2138 1871 2325 1965 facit,
2362 1870 2642 1945 dicens:
2679 1872 2862 1942 onde

519 1998 575 2068 il
622 2001 927 2067 maestro
977 1996 1143 2083 mie,
1187 1990 1525 2087 Virgilius
1578 1992 1927 2087 magister
1976 1992 2166 2066 bene
2216 1989 2581 2085 loquendi,
2635 1993 2858 2063 disse.-

522 2116 884 2206 rsspondi5
935 2118 1009 2187 et
1058 2111 1252 2186 dieas
1301 2111 1435 2185 sibi
1486 2111 1651 2204 quis
1701 2132 1803 2204 eS,
1858 2112 2030 2206 quia
2088 2110 2205 2185 hic
2255 2117 2362 2185 est
2412 2110 2704 2204 spiritus
2754 2109 2867 2183 di-

525 2254 715 2330 gnus
765 2232 965 2325 loqui
1034 2237 1304 2324 tecum,
1356 2253 1394 2303 e
1459 2234 1799 2305 dimanda
1857 2252 1932 2303 se
1996 2233 2225 2321 quinci
2282 2233 2347 2302 si
2405 2250 2499 2303 va
2558 2248 2717 2322 sue;
2771 2251 2864 2304 ne

527 2353 805 2427 iremus
856 2350 1171 2425 errando
1221 2371 1354 2445 per
1405 2350 1627 2423 istum
1697 2350 1988 2423 sumum
2051 2350 2477 2443 obscurum,
2531 2369 2705 2423 cum
2757 2349 2867 2422 in-

527 2471 910 2547 tendamus
962 2490 1096 2564 per
1147 2469 1342 2544 viam
1409 2476 1685 2543 rectam
1748 2490 2038 2564 semper
2100 2470 2208 2545 ire
2257 2490 2581 2562 sursum,
2633 2469 2865 2542 donec

527 2592 1042 2688 perveniamus
1090 2589 1185 2664 ad
1234 2589 1529 2663 culmen
1582 2590 1868 2663 montis.
1897 2630 1996 2643 —
2021 2594 2110 2662 Et
2153 2592 2243 2661 io,
2288 2588 2417 2661 Hic
2466 2594 2681 2682 poeta
2733 2607 2866 2681 po-

527 2714 630 2788 nit
683 2712 1223 2809 responsionem
1276 2731 1487 2785 suam
1522 2709 1616 2784 ad
1650 2711 1857 2784 illum
1894 2710 2250 2805 spiritum,
2288 2716 2360 2784 et
2395 2709 2631 2804 primo
2675 2729 2862 2804 prae—

528 2833 744 2906 mittit
799 2831 1184 2906 exordium
1249 2830 1517 2905 faciens
1575 2831 1779 2904 illum
1842 2832 2285 2905 benevolum
2348 2837 2423 2904 et
2472 2835 2858 2921 attentum,

527 2951 958 3046 promittens
1007 2970 1088 3024 se
1135 2949 1502 3024 dicturum
1556 2950 1647 3025 de
1700 2970 1782 3023 re
1835 2971 2100 3046 magna
2151 2956 2225 3024 et
2276 2948 2609 3022 mirabili.
2674 2947 2859 3021 Dicit

528 3092 747 3168 ergo:
800 3079 867 3143 et
917 3073 1014 3162 i0,
1075 3070 1349 3165 supple,
1407 3069 1779 3163 respondi:
1848 3091 1893 3142 o
1955 3075 2311 3160 creamra,
2362 3067 2565 3161 idest,
2617 3067 2864 3140 anima

527 3200 776 3272 ereata
824 3212 870 3266 a
904 3192 1079 3284 Deo,
1114 3192 1232 3262 che
1283 3193 1334 3263 ti
1380 3192 1645 3281 mondi,
1680 3212 1725 3264 a
1761 3190 2051 3265 macula
2087 3191 2238 3282 irae,
2276 3209 2444 3284 quae
2477 3209 2670 3282 saepe
2703 3187 2871 3263 fecit

528 3324 601 3393 te
652 3323 944 3407 turpem
978 3311 1053 3385 in
1088 3309 1257 3404 vita,
1293 3310 1482 3385 sicut
1520 3310 1896 3405 proprium
1938 3320 2050 3387 est
2084 3310 2236 3404 irae,
2271 3316 2355 3382 ut
2386 3310 2543 3403 jam
2594 3308 2867 3382 dictum

529 3443 640 3511 est
688 3434 907 3529 paulo
956 3437 1151 3526 ante,
1179 3452 1313 3524 per
1363 3437 1617 3503 cernar
1666 3431 1871 3522 bella,
1907 3429 2142 3525 qualis
2178 3434 2257 3502 tu
2295 3428 2489 3502 suisti
2522 3449 2569 3502 a
2602 3426 2871 3523 princi-

528 3555 670 3651 pio,
705 3575 754 3626 a
801 3554 1007 3643 colui,
1042 3550 1313 3625 seilicet
1346 3551 1608 3645 Deum,
1646 3550 1771 3644 qui
1807 3557 1919 3625 est
1951 3549 2439 3645 pulcerrimus
2479 3548 2554 3620 in
2604 3567 2717 3641 se3
2754 3550 2873 3620 che

529 3679 579 3749 ci
620 3679 794 3769 fece,
843 3672 958 3746 de·
982 3670 1226 3764 nihilo,
1260 3672 1675 3760 meraviylia
1713 3672 1993 3772 udirai,
2013 3668 2218 3761 idest,
2253 3689 2414 3742 rem
2459 3666 2869 3740 mirabilem

530 3799 603 3868 et
636 3790 1060 3884 inauditam,
1092 3811 1167 3863 se
1197 3793 1296 3863 mi
1324 3793 1628 3880 secondi,
1655 3789 1862 3882 idest,
1895 3788 1954 3862 si
1989 3787 2317 3882 sequeris
2336 3780 2408 3881 (²³)
2445 3805 2569 3860 me
2601 3784 2870 3879 eund0,
2985 3881 2996 3892 ·

531 3910 705 4006 quia
756 3909 924 3984 nolo
973 3908 1332 3983 remorari
1401 3929 1496 3983 ne
1553 3908 1858 4003 perdam
1921 3914 2228 4001 tempus.
2295 3907 2382 3980 Et
2441 3904 2684 3979 subdit
2743 3925 2868 3980 re-

529 4029 992 4127 sponsionem
1045 4027 1235 4102 illius
1267 4028 1536 4102 animae
1585 4028 1679 4102 ad
1720 4048 1821 4122 se,
1858 4046 2026 4121 quae
2060 4025 2250 4101 facta
2288 4023 2501 4100 avida
2542 4023 2864 4099 novitate

528 4151 637 4225 rei
688 4148 1041 4246 promittit
1093 4168 1173 4221 se
1223 4154 1645 4223 secuturam
1701 4168 1876 4222 eum
1928 4150 2289 4241 quantum
2332 4144 2616 4240 poterit.
2660 4144 2867 4220 Unde
2930 4187 2933 4190 π

528 4269 734 4345 dicit:
769 4271 840 4342 io
874 4273 936 4341 te
966 4259 1335 4359 semdterd,
1370 4266 1574 4361 idest,
1611 4287 1881 4360 sequar
1931 4275 2026 4359 te,
2064 4269 2324 4357 quanto
2357 4267 2456 4338 mi
2486 4266 2648 4357 lece,
2684 4264 2876 4339 scili-

532 4394 674 4483 cet,
728 4392 1088 4482 quantum
1159 4385 1380 4461 durat
1435 4386 1715 4479 fumus,
1774 4385 1945 4479 quia
2006 4371 2152 4459 non
2212 4384 2377 4460 licet
2436 4384 2637 4459 mihi*
2673 4386 2879 4460 exire

651 4569 709 4634 (¹)
742 4570 803 4621 Ε.
835 4569 1070 4622 dividunt
1103 4573 1307 4635 tempus
1337 4582 1432 4633 per
1461 4569 1725 4630 kalendas,
1758 4583 1962 4621 menses
1992 4575 2046 4621 et
2078 4583 2172 4634 per
2205 4571 2313 4623 dies
2344 4575 2399 4621 et
2429 4583 2524 4634 per
2556 4581 2734 4619 nonus.

656 4645 713 4709 (¹)
744 4645 808 4697 Β.
828 4646 1033 4710 imm.
1530 4644 1585 4709 (⁸)
1616 4645 1678 4696 E.
1711 4646 1754 4696 sl
1786 4646 2033 4712 sequaris.
