3704 5559
803 481 939 546 140
1521 489 1926 543 commun
1976 488 2412 543 PURGATonu

800 870 1130 938 OANTUS
1178 868 1573 949 QUINTUS,
1620 871 1694 934 in
1736 889 1857 951 quo
1904 872 2137 933 tractat
2195 868 2272 932 de
2330 867 2664 949 spiritibus
2719 866 2972 932 illorum
3029 869 3140 949 qui

953 984 1214 1067 fuerunt
1256 981 1574 1064 interfecti
1630 981 1744 1046 sub
1804 980 1986 1046 titulo
2045 979 2397 1058 multorum,
2459 985 2517 1044 et
2575 980 2849 1044 maxime
2904 979 3141 1043 domini

962 1092 1310 1159 Gumielmi
1355 1093 1432 1157 de
1474 1092 1684 1170 Fam,
1717 1092 1826 1173 qui
1872 1112 2008 1155 cum
2046 1090 2265 1157 Dante
2315 1090 2514 1155 multa
2558 1091 2861 1168 recitavit,
2923 1095 2982 1154 et
3026 1088 3140 1154 sub

958 1204 1137 1269 titulo
1183 1203 1548 1281 Boncontis,
1597 1209 1657 1268 et
1699 1203 1777 1268 de
1818 1203 2000 1267 modo
2052 1222 2186 1267 suae
2227 1203 2482 1283 mortis3
2530 1207 2590 1267 et
2633 1203 2705 1266 in
2751 1202 2879 1283 fine
2925 1201 3142 1283 aliqua

959 1336 1096 1381 cum
1140 1314 1207 1380 la
1251 1315 1382 1380 Pia
1427 1315 1503 1380 de
1547 1314 1729 1380 Senis
1772 1314 2078 1379 recitavit.

955 1605 1108 1771 Io
1142 1722 1283 1773 ΕΒΑ
1323 1692 1445 1793 yid
1478 1705 1576 1776 da
1610 1705 1824 1793 quelle
1858 1703 2096 1774 ombre
2124 1704 2412 1793 partito.
2467 1701 2863 1793 Postquam
2901 1699 2973 1772 in
3012 1720 3143 1772 su-

806 1820 1077 1915 periori
1128 1821 1447 1915 capitulo
1491 1821 1827 1915 proxime
1861 1819 2299 1914 praecedenti
2339 1828 2547 1914 poeta
2593 1826 2838 1893 noster
2880 1825 3149 1892 tracta-

808 1942 910 2014 vit
960 1947 1035 2016 et
1083 1941 1595 2016 determinavit
1645 1942 1739 2016 de
1792 1942 2004 2015 tertia
2057 1940 2297 2035 specie
2341 1939 2861 2036 negligentium
2914 1937 3147 2033 poeni-

811 2060 1111 2134 tentiam
1180 2061 1332 2133 sola
1393 2060 1678 2155 pigritia
1747 2060 2086 2153 naturali,
2150 2081 2346 2134 nunc
2406 2065 2941 2152 consequenter
3000 2058 3149 2154 agit

811 2190 885 2255 et
938 2185 1200 2253 tractat
1231 2180 1324 2253 de
1358 2186 1620 2272 quarta
1671 2180 1913 2274 specie
1955 2201 2250 2272 eorum,
2287 2160 2897 2273 qui'distulerunt
2936 2200 3147 2252 suam

814 2297 1365 2390 conversionem
1420 2299 1512 2372 ad
1562 2299 1799 2372 Deum
1854 2300 2203 2393 praeventi
2259 2306 2500 2373 morte
2542 2300 2875 2373 violenta.
2915 2298 3002 2370 Et
3036 2304 3150 2370 to-

816 2426 974 2491 tum
1031 2417 1221 2490 istud
1271 2417 1667 2511 capitulum
1724 2419 2065 2513 quintum
2107 2419 2451 2492 dividitur
2503 2419 2575 2491 in
2627 2425 2947 2512 quatuor
2982 2437 3151 2510 par-

818 2544 927 2612 tes
972 2537 1372 2632 generales,
1409 2538 1489 2608 In
1525 2538 1761 2631 prima
1795 2559 2117 2632 quarum
2153 2547 2363 2633 poeta
2401 2537 2493 2612 ad
2528 2537 3146 2631 complementum

819 2662 1169 2729 tractatus
1220 2655 1693 2749 praecedeutis
1744 2657 2088 2731 describit
2138 2658 2523 2753 specialem
2579 2664 2827 2731 actum
2889 2676 3151 2748 supra-

818 2774 1180 2849 dictarum
1233 2774 1651 2849 animarum
1705 2798 1886 2873 erga
1937 2800 2039 2872 se,
2081 2785 2155 2852 et
2204 2778 2317 2852 sui
2369 2799 2544 2875 erga
2598 2777 2757 2850 illos
2817 2797 2989 2850 cum
3043 2775 3155 2847 in-

819 2893 1236 2988 crepatione
1269 2893 1564 2990 Virgilii.
1602 2897 1681 2968 In
1717 2897 2042 2972 secunda
2084 2898 2424 2972 describit
2460 2903 2803 2991 quartam
2837 2896 3152 2991 speciem

818 3014 1235 3087 animarum
1306 3015 1804 3109 relegatarum
1868 3022 2078 3091 extra
2144 3017 2681 3113 purgatorium,
2733 3023 2808 3091 et
2868 3035 3156 3088 morem

820 3152 1081 3206 earum
1114 3132 1207 3206 ad
1242 3153 1344 3226 se,
1382 3134 1520 3206 ibi:
1557 3141 1623 3207 E
1649 3139 1939 3209 incanto.
1993 3138 2073 3210 In
2127 3137 2338 3210 tertia
2382 3135 2720 3210 describit
2762 3135 2833 3207 iu
2869 3131 3155 3229 speciali

820 3251 1142 3324 animam
1197 3252 1414 3325 unius
1466 3253 1796 3328 moderni
1850 3255 1977 3349 qui
2030 3261 2280 3329 narrat
2342 3256 2643 3329 modum
2695 3273 2848 3327 suae
2901 3251 3157 3324 mortis

822 3369 1183 3463 violentae‚
1211 3371 1345 3443 ibi:
1382 3379 1473 3445 Ec
1500 3395 1640 3445 uno
1673 3369 2102 3448 incomincid.
2143 3378 2221 3448 ln
2259 3382 2523 3470 quarta
2557 3373 2896 3449 describit
2929 3372 3156 3448 alium

824 3488 1159 3583 spiritum
1214 3491 1676 3588 modernum,
1722 3496 1846 3588 qui
1887 3502 2135 3570 narrat
2170 3496 2482 3570 sormam
2519 3517 2674 3569 suae
2710 3494 2967 3568 mortis
3003 3494 3161 3568 vio-

826 3611 1039 3683 lentae
1090 3616 1163 3684 et
1214 3613 1611 3706 sepulturae
1654 3615 2058 3712 incognitae‚
2097 3616 2232 3689 ibi:
2273 3620 2401 3689 Poi
2440 3620 2621 3689 disse
2663 3637 2758 3688 tm
2809 3619 3014 3687 altro.
3052 3611 3158 3686 Ad

826 3729 1146 3824 primum
1202 3732 1503 3807 veniens
1552 3733 1736 3829 dice,
1789 3737 1985 3829 quod
2037 3746 2252 3831 poeta
2313 3737 2406 3811 ad
2467 3736 2865 3830 pleniorem
2919 3734 3162 3829 perse-

827 3849 1139 3924 ctionem
1196 3852 1424 3949 tangit
1473 3853 1714 3928 adhuc
1763 3856 2036 3948 aliquid
2069 3858 2161 3931 de
2198 3857 2504 3932 materia
2540 3856 2975 3951 supradicta.
3015 3856 3162 3928 Nec

828 3969 1163 4044 videatur
1216 3971 1341 4045 tibi
1394 3975 1850 4067 superfluum
1904 3976 1963 4048 si
2015 3984 2225 4070 poeta
2291 3977 2593 4051 reflectit
2653 3996 2733 4050 se
2782 3975 2874 4049 ad
2928 3965 3187 4049 mate-⁶

827 4087 1011 4161 riam
1067 4096 1627 4186 pertractatam3
1664 4116 1836 4168 nam
1890 4095 1945 4168 si
2000 4097 2139 4169 hoc
2191 4117 2338 4169 non
2388 4096 2693 4189 fecisset,
2735 4095 2918 4169 ordo
2953 4094 3166 4200 datus

827 4207 1212 4282 videbatur
1264 4210 1753 4308 imperfectus,
1792 4215 1964 4308 quia
2019 4237 2150 4311 per
2186 4222 2424 4289 totum
2461 4217 2830 4291 infernum
2872 4236 3018 4288 non
3054 4214 3164 4286 in·-

830 4326 1027 4400 venit
1093 4335 1368 4401 sectam
1431 4332 1777 4427 aliquam,
1841 4357 2009 4427 quae
2075 4357 2220 4409 non
2288 4337 2687 4412 miraretur
2750 4334 2947 4430 quod
3015 4335 3166 4428 ipse

830 4445 1039 4519 vivus
1092 4446 1231 4521 iret
1266 4470 1395 4542 per
1431 4456 1706 4526 terram
1756 4463 2258 4550 mortuorum3
2295 4463 2370 4532 et
2423 4457 2596 4531 illud
2650 4457 2839 4532 idem
2896 4454 3165 4550 reperit

831 4565 904 4637 in
948 4568 1373 4661 purgatorio
1424 4570 1831 4665 hucusque.
1872 4574 1955 4647 Et
1999 4575 2170 4669 quia
2206 4576 2297 4650 de
2331 4576 2814 4652 admiratione
2854 4577 3162 4650 istorum
