3704 5559
1313 471 1590 525 CANTUS
1640 473 2043 526 vleEsmth.
2712 462 2847 529 539

510 636 662 708 quo
716 623 878 690 erat
929 617 1194 712 ligatus
1255 616 1533 690 Sichaeo
1586 617 1851 691 marito
1909 616 2201 690 Didonis
2255 617 2610 691 sacerdoti
2664 619 2845 692 Her-

509 737 713 830 culis,
741 757 963 830 quem
995 737 1523 813 sacrificantem
1554 738 2015 811 innocentem
2046 737 2452 810 immolavit
2485 738 2578 810 ad
2614 759 2848 813 aram.

507 855 677 929 Ideo
726 856 934 929 dicit:
988 879 1025 928 e
1087 860 1321 949 ladr0‚
1391 857 1563 950 quia
1624 857 1876 930 furtim
1942 856 2404 930 obtruncavit
2468 857 2670 930 illum
2738 858 2852 931 in-

507 982 836 1069 cautum,
880 999 917 1048 e
961 980 1360 1069 parricida,
1417 976 1589 1069 quia
1641 976 2001 1050 interfecit
2050 977 2542 1071 propinquum
2600 999 2842 1050 suum.

508 1095 874 1168 Parricida
926 1095 1119 1169 enim
1172 1097 1579 1190 appellatur
1629 1096 1748 1169 ille
1790 1096 1918 1187 qui
1963 1101 2174 1169 necat
2208 1103 2546 1188 parentes
2587 1096 2703 1169 vel
2738 1096 2848 1170 af-

507 1211 686 1286 fines
738 1214 942 1309 large
992 1214 1379 1308 loquendo.
1406 1256 1505 1267 —
1532 1221 1596 1286 E
1624 1218 1715 1286 la.
1754 1216 1883 1287 Hic
1917 1215 2131 1309 Hugo
2172 1214 2402 1308 tangit
2436 1215 2842 1288 secundum

506 1339 755 1405 actum
796 1334 1121 1408 avaritiae
1157 1355 1447 1428 semper
1483 1333 2048 1408 memorandum
2086 1353 2260 1407 cum
2303 1334 2487 1407 risu:
2532 1356 2699 1428 quae
2736 1336 2850 1408 sa-

505 1451 680 1525 bula
748 1454 1119 1527 notissima
1184 1462 1313 1528 est.
1368 1455 1551 1527 Nam
1620 1453 1803 1527 Mida
1875 1473 2008 1527 rex
2061 1453 2398 1549 lydorum
2452 1454 2847 1528 ditissimus

506 1570 697 1645 filius
732 1571 998 1666 Gordii‚
1038 1574 1164 1667 qui
1200 1573 1365 1647 secit
1402 1573 1676 1646 nodum
1720 1572 2288 1647 indissolubilem
2335 1594 2557 1666 quem
2596 1580 2843 1668 postea

504 1691 915 1766 Alexander
978 1693 1336 1766 violenter
1403 1692 1638 1785 solvit,
1700 1712 1872 1765 cum
1939 1701 2130 1766 esset
2194 1693 2500 1766 devotus
2560 1694 2846 1768 Baccho

504 1811 920 1906 impetravit
969 1813 1064 1885 ab
1117 1832 1207 1885 eo
1245 1821 1326 1886 ut
1362 1811 1707 1905 quicquid
1746 1817 2078 1908 tangeret
2115 1819 2530 1887 verteretur
2582 1813 2656 1885 in
2707 1835 2851 1887 au-

505 1953 713 2024 rum3
768 1938 841 2005 et
891 1953 1061 2005 cum
1117 1953 1211 2006 ex
1261 1938 1415 2005 tam
1466 1931 1783 2025 pretioso
1828 1952 2141 2006 munere
2194 1939 2613 2006 moreretur
2649 1932 2845 2006 same

506 2056 581 2124 et
632 2050 769 2143 siti,
823 2050 1091 2124 iterum
1146 2050 1559 2143 imploravit
1612 2057 1693 2123 ut
1744 2050 1905 2124 talis
1954 2051 2190 2146 gratia
2238 2058 2716 2126 revocaretur
2748 2052 2845 2124 ab

504 2188 633 2242 eo:
688 2189 820 2263 per
873 2171 1060 2243 hanc
1112 2170 1429 2243 nobilem
1485 2168 1849 2245 fictionem
1903 2176 2138 2264 poetae
2183 2171 2578 2244 voluerunt
2638 2170 2848 2244 intel-

505 2289 652 2385 ligi,
689 2290 887 2383 quod
937 2311 1208 2363 avarus
1259 2290 1854 2364 circumvallatus
1888 2289 2148 2362 divitiis
2182 2295 2256 2363 et
2297 2310 2484 2363 auro
2528 2290 2846 2363 afficitur

503 2408 700 2481 fame
769 2416 843 2482 et
910 2409 1044 2502 siti,
1112 2415 1186 2483 et
1243 2410 1316 2481 in
1385 2410 1731 2484 continuo
1792 2417 2179 2503 permanet
2246 2411 2598 2484 cruciatu.
2665 2411 2848 2484 Dicit

503 2549 723 2624 ergo:
784 2536 848 2601 E
892 2533 964 2601 la
1026 2533 1310 2602 miseria
1322 2556 1353 2623 ;
1405 2537 1481 2604 et
1510 2524 1581 2621 (¹)
1639 2531 2039 2624 repetimus
2105 2530 2498 2622 miseriam,
2551 2530 2844 2623 scilicet,

502 2648 798 2742 famem,
836 2649 1027 2722 sitim
1062 2655 1135 2724 et
1162 2670 1385 2723 omne
1428 2650 1999 2742 incommodum,
2037 2653 2423 2723 dell’avaro
2450 2653 2676 2739 Mida,
2714 2669 2846 2743 per

507 2767 1013 2842 excellentiam
1065 2775 1280 2843 vocat
1330 2790 1503 2843 eum
1557 2790 1893 2862 avarum,
1947 2771 2065 2841 che
2114 2761 2304 2860 sequi
2354 2771 2501 2841 alla
2549 2790 2681 2841 sua
2732 2770 2846 2841 di-

506 2890 774 2960 manda
822 2891 1156 2980 ingerda,
1191 2889 1395 2983 idest,
1430 2889 1747 2982 avidam,
1798 2890 2322 2984 importunam,
2368 2910 2500 2981 per
2552 2893 2625 2961 la
2675 2892 2844 2978 qual

503 3029 774 3101 sempre
822 3030 1084 3081 convert
1134 3012 1251 3081 che
1300 3013 1363 3081 si
1411 3012 1616 3102 rida;
1659 3010 1998 3104 quotiens
2035 3010 2110 3081 fit
2146 3009 2506 3084 memoria
2541 3010 2633 3083 de
2680 3011 2843 3084 hoc.

503 3126 716 3202 Certe
768 3149 914 3201 non
965 3128 1217 3203 dubito
1269 3129 1467 3223 quod
1526 3137 1740 3224 poeta
1804 3137 2056 3203 noster
2121 3129 2402 3203 ridebat
2466 3149 2636 3202 cum
2708 3131 2845 3203 hoc

502 3248 873 3323 scriberet.
927 3249 1094 3324 Ideo
1145 3249 1337 3322 bene
1367 3249 1790 3324 Aristoteles
1834 3250 2074 3343 primo
2126 3249 2595 3324 Politicorum
2635 3249 2840 3325 dicit:

501 3366 1017 3441 inconveniens
1095 3374 1205 3442 est
1272 3368 1454 3443 tales
1526 3389 1686 3444 esse
1752 3369 2060 3463 divitiaS‚
2127 3369 2395 3463 quibus
2462 3368 2843 3443 abundans

501 3485 698 3561 fame
747 3486 957 3582 perit,
993 3487 1620 3581 quemadmodum
1673 3495 1746 3562 et
1795 3489 2060 3563 Midam
2113 3489 2317 3562 illum
2354 3488 2683 3563 fabulose
2732 3487 2843 3562 di-

500 3618 678 3683 cunt
740 3614 1035 3701 propter
1104 3608 1711 3682 insatiabilitatem
1751 3601 1824 3701 (²)
1895 3609 2228 3684 desiderii
2298 3609 2641 3682 omnibus
2710 3608 2841 3681 sibi

501 3727 836 3801 exhibitis
887 3728 1153 3801 aureiS.
1207 3728 1519 3816 Quidam
1582 3728 1802 3801 etiam
1868 3729 2316 3822 scripserunt
2379 3727 2642 3800 Midam
2707 3728 2846 3800 ha-

501 3845 748 3919 buisse
798 3846 1155 3919 annulum
1193 3847 1321 3940 qui
1356 3847 1694 3922 redderet
1733 3848 2109 3922 hominem
2151 3846 2606 3940 invisibilem,
2645 3847 2842 3940 quod

503 3966 774 4039 Plinius
826 3973 1118 4060 reputat
1162 3966 1596 4041 fabulosum.
1628 4008 1727 4021 —
1752 3971 1888 4040 Del
1918 3971 2102 4061 folle.
2142 3967 2268 4041 Hic
2304 3967 2515 4062 Hugo
2554 3987 2845 4041 memo-

504 4092 619 4159 rat
668 4086 893 4160 alium
947 4092 1196 4160 actum
1250 4087 1575 4161 avaritiae
1627 4088 1751 4182 qui
1807 4088 2021 4161 nimis
2073 4088 2363 4163 videtur
2396 4086 2843 4181 displicuisse

501 4205 674 4279 Deo.
747 4205 855 4278 Ad
917 4207 1128 4280 cuius
1196 4207 1684 4303 cognitionem
1751 4215 1860 4281 est
1930 4207 2332 4301 sciendum,
2396 4207 2590 4300 quod
2656 4206 2843 4279 sicut

506 4324 749 4396 scribit
800 4325 1022 4399 Josue
1073 4326 1162 4398 VI
1214 4327 1554 4420 capitulo,
1607 4333 1679 4400 et
1744 4327 1915 4400 dicit
1977 4329 2332 4421 Iosephus
2398 4328 2584 4401 libro
2643 4325 2845 4399 Anti-

630 4581 685 4644 (¹)
720 4587 827 4644 ¹17,
860 4583 1006 4643 idest,
1039 4589 1091 4634 et
1124 4585 1420 4646 repetimus.
1672 4583 1726 4647 ζ’)
1758 4584 1819 4634 E.
1854 4584 2285 4636 insatiabilitatem
2317 4585 2429 4634 auri
2464 4583 2719 4635 omnibus.
