3704 5559
1170 498 1448 553 CANTus
1498 498 1809 554 nsscnuus
1860 499 2213 564 QUARTUS·
2710 485 2855 552 395

497 652 656 746 J'am
711 649 827 722 sui
878 647 1154 721 nobiles
1206 653 1538 741 tempore
1588 647 1868 722 autoris
1919 668 2053 741 pro
2090 670 2358 744 magna
2400 655 2607 743 parte
2654 648 2853 722 dese-

508 777 801 855 cerant;
868 790 905 841 e
966 770 1115 839 mal
1163 771 1246 860 sa
1321 772 1768 857 Castrocaro,
1830 767 2072 841 nobile
2132 773 2480 861 castrum,
2543 773 2617 842 et
2676 788 2853 842 vere

509 911 765 965 earum
797 881 899 982 (¹),
952 908 1176 982 supra
1226 887 1624 961 Forlivium
1680 887 1754 960 in
1807 886 2011 960 Valle
2050 888 2406 980 Montorii,
2460 888 2674 961 cuius
2724 907 2854 961 co-

510 1012 722 1085 mites
773 1009 987 1084 bodie
1045 1008 1489 1082 defecerunt.
1544 1007 1686 1082 Sed
1745 1014 1922 1081 tunc
1989 1008 2230 1082 adhuc
2292 1007 2657 1104 vigebant,
2723 1008 2849 1083 sed

509 1131 1053 1227 degenerabant
1103 1151 1146 1203 a
1200 1128 1571 1202 nobilitate
1618 1126 2027 1201 vicinorum
2062 1118 2163 1220 (²),
2215 1148 2252 1199 e
2305 1131 2558 1218 peyyio
2613 1131 2850 1200 ConiO.

510 1251 705 1324 Istud
756 1249 892 1322 fuit
941 1250 1322 1323 castellum
1377 1249 1593 1343 longe
1651 1247 1746 1321 ab
1805 1248 2033 1321 Imola
2100 1267 2231 1341 per
2295 1267 2426 1320 sex
2488 1246 2853 1340 milliaria,

510 1370 707 1464 quod
758 1370 974 1443 hodie
1023 1368 1325 1442 omnino
1380 1389 1525 1440 non
1589 1373 1809 1461 extat,
1863 1367 1988 1440 sed
2051 1367 2263 1439 multi
2327 1366 2632 1441 comites
2693 1367 2855 1441 eius

509 1497 719 1566 erant
770 1496 1103 1584 tempore
1152 1488 1456 1581 autoriS,
1508 1493 1582 1562 et
1631 1487 1872 1561 adbuc
1927 1470 2138 1561 hodie
2189 1492 2392 1579 sunt;
2428 1487 2590 1561 ideo
2640 1487 2848 1561 dicit:
2973 1557 2979 1563 ,

509 1632 546 1683 e
587 1613 841 1707 peyyio
898 1612 1138 1699 Gonio,
1190 1609 1470 1702 supple,
1507 1607 1695 1699 facit,
1730 1607 1905 1700 quia
1957 1613 2234 1700 quanto
2288 1607 2539 1680 babuit
2591 1607 2851 1681 melio-

509 1749 652 1822 res,
686 1735 886 1802 tanto
925 1748 1119 1801 nunc
1153 1728 1457 1822 peiores
1495 1727 1664 1800 Ideo
1698 1726 1901 1799 dicit:
1938 1729 2057 1798 che
2104 1730 2180 1798 di
2222 1729 2466 1819 ftyliar
2509 1729 2609 1798 ἰαί
2640 1729 2853 1817 conti,

510 1847 712 1942 idest,
764 1868 1026 1943 parere
1062 1853 1212 1921 tam
1258 1846 1688 1942 degenere3,
1714 1840 1840 1937 pia)
1871 1848 1928 1917 ε’
1953 1848 2288 1937 ιἠιρὶῃῖία.
2333 1846 2419 1917 Et
2456 1852 2701 1919 tamen
2737 1844 2851 1917 isti

507 1968 746 2042 adbuc
797 1969 1010 2042 bodie
1060 1968 1152 2042 de
1201 1968 1474 2040 virtute
1514 1966 1815 2061 antiqua
1856 1967 2169 2038 multum
2210 1966 2523 2039 retinent
2558 1965 2631 2038 in
2665 1970 2853 2038 stre-

507 2088 787 2161 nuitate
834 2107 1241 2161 armorum.
1270 2127 1368 2138 —
1394 2091 1539 2158 Ben
1584 2091 1928 2180 sar-armo.
1983 2083 2112 2158 Hic
2171 2084 2407 2159 Guido
2465 2105 2853 2160 commen-

507 2206 631 2281 dat
682 2206 995 2279 nobilem
1036 2206 1253 2279 aliam
1291 2205 1592 2300 stirpem
1626 2205 1718 2278 de
1750 2204 2249 2297 Romandiola,
2284 2204 2577 2297 scilicet,
2612 2205 2851 2300 Paga-

511 2347 664 2420 nOS,
702 2326 829 2420 qui
865 2326 1283 2400 babuerunt
1318 2325 1724 2399 dominium
1762 2325 1836 2399 in
1873 2324 2242 2399 montibus
2277 2346 2498 2420 supra
2539 2325 2844 2398 Imolam

507 2452 580 2520 et
611 2445 1058 2538 Faventiam,
1097 2464 1417 2538 quorum
1456 2445 1909 2519 territorium
1947 2445 2350 2519 vocabatur
2390 2447 2663 2517 Podere
2696 2449 2846 2516 Ρα-

504 2587 907 2657 yanorum5
974 2565 1068 2638 de
1143 2585 1466 2658 quorum
1535 2565 1758 2659 stirpe
1824 2570 1984 2640 erat
2052 2571 2227 2638 tunc
2289 2585 2481 2637 unus
2549 2564 2848 2638 nomine

505 2686 1037 2783 MagbinarduS,
1100 2684 1225 2778 qui
1291 2684 1548 2758 nobilis
1596 2704 1892 2779 genere,
1946 2685 2199 2778 pulcer
2249 2703 2581 2778 corpore,
2645 2682 2851 2756 fortis

504 2806 803 2900 viribus,
856 2811 1203 2879 strenuus
1236 2825 1646 2898 armorum,
1682 2805 1997 2879 habebat
2030 2804 2434 2877 dominium
2476 2802 2843 2878 Faventiae

503 2931 578 3000 et
626 2926 893 3020 Imolae‚
945 2925 1183 2999 audax
1240 2930 1322 2997 ut
1370 2926 1512 3018 leo,
1546 2925 1758 2998 cuius
1798 2923 2128 3020 gestabat
2178 2923 2592 3019 insignium.
2629 2923 2842 2997 Modo

504 3045 674 3119 dicit
723 3045 891 3119 iste:
931 3050 1078 3117 Ben
1120 3049 1439 3139 saratino
1488 3048 1517 3117 i
1565 3048 1846 3136 Paydn,
1890 3064 2211 3138 quorum
2265 3042 2537 3117 familia
2590 3042 2845 3115 babuit

503 3168 786 3263 aliquos
848 3170 1084 3244 claros
1142 3169 1361 3262 virm,
1414 3169 1603 3242 sicut
1660 3169 1960 3243 Petrum
2026 3169 2404 3262 Paganum
2484 3170 2558 3239 et
2624 3163 2843 3258 alios;

505 3311 672 3384 quae
747 3288 885 3363 erit
960 3295 1136 3363 tunc
1212 3289 1404 3382 felix,
1483 3288 1777 3380 quando
1854 3286 2199 3363 defecerit
2272 3285 2592 3378 omnino,
2670 3284 2843 3377 quia

505 3409 1019 3505 Magbinardus
1071 3408 1371 3482 infamat
1433 3428 1600 3483 eam
1666 3427 1862 3481 nunc
1918 3406 2193 3480 vivens,
2265 3405 2433 3479 Ideo
2483 3403 2689 3478 dicit:
2743 3407 2839 3476 da

503 3531 621 3601 che
651 3532 704 3602 'l
747 3532 1069 3603 demonio
1117 3532 1231 3601 lor
1279 3549 1354 3601 se
1384 3531 1456 3599 'n
1504 3518 1698 3618 yird,
1742 3527 1945 3620 idest,
1987 3525 2281 3618 quando
2326 3523 2845 3619 Maghinardus

504 3650 885 3744 morietur,
928 3669 1150 3742 quem
1205 3653 1418 3722 vocat
1457 3648 1872 3721 daemonem
1921 3666 2053 3741 per
2105 3644 2625 3739 pulcerrimam
2681 3662 2843 3715 me-

504 3770 909 3864 taphoram.
962 3768 1265 3841 Daemon
1316 3766 1510 3841 enim
1566 3767 2087 3860 interpretatur
2120 3763 2391 3837 sciens:
2429 3766 2504 3834 et
2541 3765 2651 3834 est
2691 3758 2847 3831 dae-

503 3907 678 3961 mon
731 3887 968 3961 bonus
1018 3892 1091 3961 et
1141 3887 1383 3961 malus
1432 3886 1627 3982 apud
1656 3876 1732 3977 (³)
1776 3884 2061 3975 latinos,
2102 3888 2186 3954 ut
2219 3879 2614 3975 saepissime
2645 3884 2846 3973 patet

502 4026 635 4101 per
685 4004 1176 4103 Augustinum
1229 4006 1323 4082 de
1374 4006 1678 4080 Civitate
1727 4001 1882 4097 Dei,
1935 4007 2008 4076 et
2055 4020 2189 4096 per
2230 3997 2675 4073 chalcidium
2720 4018 2853 4070 su-

501 4144 637 4219 per
671 4125 1028 4199 Timoeum
1062 4126 1398 4200 Platonis.
1453 4126 1595 4199 Iste
1642 4128 1894 4198 autem
1931 4120 2068 4193 fuit
2099 4117 2588 4193 astutissimus
2622 4121 2696 4190 et
2728 4136 2847 4189 sa-

465 4244 934 4341 „gacissimus
983 4245 1391 4339 bominum,
1444 4244 1700 4338 quales
1750 4241 1979 4334 aliqui
2044 4239 2165 4314 alii
2207 4238 2527 4311 fuerunt
2575 4235 2651 4308 in
2698 4235 2907 4309 Ro-r-

501 4362 891 4458 mandiola,
934 4383 1121 4458 quos
1169 4364 1265 4438 ab
1314 4363 1582 4438 astutia
1633 4368 1849 4458 poeta
1900 4365 2150 4434 noster
2200 4355 2618 4431 numeravit
2669 4374 2843 4430 cum

624 4551 680 4614 (⁸)
712 4551 774 4603 Β.
809 4550 1031 4603 clarum.
1531 4548 1586 4614 (¹)
1620 4550 1681 4599 B.
1714 4562 1745 4599 e
1779 4552 1888 4607 ¹1⁷,
1922 4547 2200 4597 maiorum.

623 4627 680 4690 (‘)
711 4628 773 4679 Ε.
804 4641 837 4680 e
871 4633 980 4689 11⁷,
1012 4629 1150 4692 apud
1181 4640 1398 4693 grecos,
1432 4627 1565 4676 sicut
1595 4625 1811 4689 angelus
1844 4623 2093 4675 bonus-et
2125 4621 2295 4671 malus
2325 4618 2463 4682 opud
2493 4617 2698 4669 latinos.
