3704 5559
850 509 994 575 228
1573 517 1981 573 COMENTUM
2032 516 2468 571 Pnnessonu

845 667 1016 754 rita,
1068 663 1160 737 de
1210 683 1294 735 re
1345 682 1560 755 nova,
1605 683 2015 756 numquam
2059 659 2236 734 alias
2286 660 2441 735 visa
2492 660 2607 733 vel
2655 660 2946 754 audita3
2986 667 3060 734 et
3114 666 3192 733 tu

846 784 1086 857 dices:
1138 783 1395 855 Nonne
1446 781 1817 856 Sordellus
1870 781 1997 876 qui
2050 787 2336 857 tantum
2399 781 2642 854 fuerat
2708 801 2881 853 cum
2937 780 3193 873 Dante,

844 903 1330 1001 perpenderat
1381 903 1617 998 ipsum
1684 903 1843 977 fore
1913 903 2227 976 vivum?
2294 902 2469 975 Dico
2522 901 2719 993 quod
2784 921 2969 994 non;
3025 898 3193 993 quia

843 1025 1090 1100 anima
1142 1032 1475 1118 separata
1528 1033 1636 1100 est
1690 1026 1782 1099 ibi
1835 1025 2131 1100 visibilis
2182 1026 2372 1099 sicut
2404 1031 2479 1099 et
2520 1026 2742 1098 homo
2781 1025 3054 1118 vivenS,
3090 1024 3193 1098 ita

846 1144 1043 1239 quod
1094 1165 1226 1238 per
1278 1145 1516 1217 visum
1572 1166 1717 1219 non
1769 1144 2351 1242 cognoscebatur
2379 1137 2454 1237 (¹)
2490 1144 2687 1236 quod
2726 1144 3028 1237 viveret,
3066 1144 3192 1219 sed

844 1285 939 1339 ex
991 1265 1148 1339 eius
1202 1264 1778 1340 manifestatione
1830 1268 1946 1341 vel
1999 1266 2268 1340 umbra
2313 1265 2663 1358 corporiS,
2707 1265 2820 1339 vel
2876 1265 3193 1360 respira-

843 1384 1065 1479 tione,
1105 1387 1217 1460 vel
1255 1406 1384 1481 per
1433 1387 1631 1460 aliud
1668 1387 1904 1460 simile
1940 1386 2272 1483 signum3
2316 1386 2512 1459 unde
2555 1392 2769 1478 poeta
2818 1387 3190 1461 exclama-

842 1506 948 1580 vit
973 1498 1045 1599 (²)
1087 1528 1309 1600 supra
1344 1508 1665 1581 secundo
1702 1507 2064 1602 capitulo:
2118 1529 2162 1580 o
2197 1508 2436 1580 ombre
2477 1529 2654 1580 vane
2684 1511 2854 1600 suor
2888 1509 3008 1580 che
3041 1509 3190 1580 nel-

841 1629 886 1700 l’
911 1634 1191 1718 aspettO.
1249 1629 1333 1700 Et
1383 1627 1696 1701 ostendit
1757 1627 1932 1722 quid
1995 1628 2327 1703 fecerunt
2390 1627 2500 1700 isti
2569 1628 2718 1702 duo
2782 1628 3186 1723 stupefacti,

839 1746 1123 1821 dicens:
1178 1751 1359 1839 l’un,
1415 1749 1684 1823 scilicet
1733 1748 2127 1842 Sordellus,
2179 1752 2241 1822 si
2293 1751 2475 1822 volse
2517 1771 2565 1820 a.
2624 1752 2931 1841 Viryilio‚
2978 1749 3186 1843 quasi

838 1867 1130 1942 dicens:
1185 1888 1230 1940 o
1283 1869 1446 1961 quis
1496 1875 1606 1943 est
1658 1868 1792 1942 iste
1848 1868 2218 1962 mirabilis,
2272 1889 2494 1962 quem
2551 1876 2626 1942 tu
2681 1869 2886 1943 ducis
2939 1875 3186 1943 tecum

839 1988 1091 2063 vivum
1146 2009 1277 2082 per
1328 1989 1485 2062 loca
1541 1993 2075 2063 mortuorum?
2141 2012 2178 2062 e
2243 1992 2526 2082 ἰάῐινο,
2588 1990 2878 2083 scilicet,
2932 1990 3184 2084 Ninus,

839 2108 1118 2203 supple,
1189 2109 1412 2181 volvit
1473 2128 1572 2201 se,
1636 2111 1734 2180 ad
1782 2130 1876 2180 un
1943 2111 2063 2181 che
2109 2112 2317 2181 sedea
2378 2102 2451 2200 li,
2504 2110 2795 2204 scilicet,
2861 2109 3187 2184 Corrado

838 2227 1243 2302 marchioni
1295 2228 1727 2323 Malaspinae,
1782 2229 1908 2322 qui
1962 2235 2121 2303 erat
2182 2228 2314 2301 sibi
2367 2228 2608 2303 socius
2673 2236 2748 2304 et
2811 2228 3184 2304 familiaris

840 2348 1097 2423 sedens
1148 2370 1321 2422 cum
1372 2349 1529 2422 aliis
1580 2350 1651 2422 in
1706 2350 1866 2423 loco
1919 2350 2154 2442 basso,
2192 2349 2363 2442 quia
2402 2349 2534 2426 iste
2577 2358 2738 2424 erat
2790 2351 3070 2425 italicus
3110 2358 3185 2425 et

839 2467 1118 2543 vicinus
1171 2490 1350 2542 suus
1402 2476 1474 2544 et
1528 2469 1759 2566 magis
1825 2491 1957 2564 par
2018 2491 2242 2563 quam
2306 2469 2402 2543 illi
2475 2471 2831 2565 principes
2890 2477 2964 2545 et
3025 2491 3184 2546 ma·

836 2595 1139 2685 gnates3
1194 2589 1356 2663 ideo
1421 2588 1661 2662 statim
1727 2589 1955 2663 Ninus
2022 2589 2380 2663 convertit
2448 2611 2527 2663 se
2585 2591 2679 2663 ad
2749 2592 2978 2685 illum,
3029 2595 3183 2683 yri-

836 2710 1103 2802 ἀαηάο,
1156 2730 1250 2784 ex
1313 2709 1843 2785 admiratione:
1913 2731 2022 2801 su,
2081 2713 2430 2804 corrado,
2484 2710 2689 2807 idest,
2741 2734 2966 2810 surge
3016 2713 3181 2810 cit0,

837 2832 1018 2902 vieni
1066 2852 1113 2902 a
1167 2833 1374 2904 veder
1423 2834 1542 2903 che
1592 2835 1731 2903 Dio
1760 2851 1898 2922 per
1943 2832 2204 2921 yrazia
2253 2834 2462 2922 volse,
2499 2832 2705 2924 idest,
2744 2854 2898 2907 rem
2957 2834 3181 2910 mira-

834 2947 1079 3043 bilem,
1133 2972 1358 3043 quam
1410 2951 1606 3023 Deus
1657 2971 1749 3024 ex
1802 2950 2039 3046 gratia
2091 2950 2379 3044 speciali
2442 2952 2798 3025 concessit
2862 2954 2987 3028 uni
3049 2976 3184 3029 no-

834 3077 987 3145 stro
1039 3078 1270 3164 tusco,
1326 3078 1407 3143 ut
1460 3071 1710 3145 vivens
1778 3070 2141 3144 discurrat
2206 3071 2514 3146 videndo
2576 3073 2912 3168 regiones
2979 3095 3181 3149 mor-

835 3195 1140 3263 tuorum
1195 3191 1267 3262 in
1319 3191 1609 3263 seculo:
1666 3210 1841 3263 vere
1907 3190 2041 3263 ista
2106 3198 2217 3264 est
2280 3193 2635 3286 stupenda
2698 3193 2961 3289 gratia,
3014 3216 3181 3289 quae

835 3329 1242 3401 numquam
1293 3309 1579 3382 videtur
1614 3329 1960 3383 concessa
1994 3310 2226 3384 alteri.
2256 3353 2354 3364 —
2380 3315 2528 3383 Poi.
2569 3313 2698 3386 Hic
2734 3322 2945 3407 poeta
2982 3315 3179 3409 ponit

832 3428 1241 3501 orationem
1279 3428 1440 3500 Nini
1475 3428 1566 3501 ad
1618 3448 1720 3520 se,
1761 3429 1887 3522 qui
1924 3438 2222 3524 captans
2262 3431 2843 3506 benevolentiam
2885 3435 3061 3529 petit
3098 3442 3178 3509 ut

834 3548 1388 3622 recommendet
1440 3568 1612 3622 eum
1668 3547 1831 3620 filiae
1881 3570 2058 3642 suae,
2111 3549 2299 3625 sicut
2363 3550 2530 3624 fecit
2583 3572 2714 3626 rex
2769 3554 3178 3628 Mansredus

831 3691 1076 3765 supra.
1116 3669 1202 3742 Et
1238 3668 1447 3743 litera
1486 3669 1618 3745 ista
1653 3675 1763 3742 est
1799 3669 2008 3743 valde
2043 3671 2358 3745 obscura
2394 3678 2467 3746 et
2495 3674 2851 3748 sententia
2887 3675 3176 3769 clausa3

835 3791 1030 3866 unde
1080 3789 1216 3865 ista
1267 3791 1473 3864 litera
1517 3796 1754 3883 potest
1792 3791 2063 3865 habere
2098 3791 2459 3885 duplicem
2500 3792 2992 3869 intellectum:
3029 3795 3180 3891 pri-

830 3933 1000 3986 mus
1052 3919 1182 4006 est,
1238 3912 1434 4005 quod
1485 3910 1714 3984 Ninus
1766 3910 2056 3985 adiurat
2098 3911 2407 3986 Dantem
2460 3934 2593 4007 per
2644 3935 2981 3989 amorem
3016 3913 3178 3988 Vir-

827 4033 1002 4130 gilii,
1057 4032 1255 4127 quod
1308 4031 1460 4126 ipse
1519 4030 2072 4106 recommendet
2130 4053 2304 4106 eum
2366 4033 2531 4107 filiae
2591 4056 2792 4128 suae3
2864 4041 2937 4109 et
3001 4043 3178 4110 tunc

829 4173 1114 4248 expone
1174 4159 1245 4227 et
1306 4152 1563 4226 ordina
1613 4152 1715 4226 sic
1768 4152 2099 4226 literam:
2143 4156 2272 4244 poi
2322 4156 2505 4227 volco
2564 4176 2613 4226 a
2675 4177 2805 4246 me,
2876 4156 3171 4250 scilicet,

829 4269 950 4344 ille
998 4270 1247 4364 Ninus,
1300 4271 1424 4363 qui
1481 4270 1717 4365 primo
1781 4270 2111 4345 volverat
2170 4292 2250 4346 se
2317 4273 2409 4347 ad
2475 4274 2883 4349 Corradum
2955 4275 3177 4350 Mala-

830 4389 1136 4485 spinam,
1189 4389 1367 4462 dixit
1428 4389 1601 4462 mihi
1651 4389 2062 4464 adiurative
2122 4392 2555 4468 exordiens:
2613 4417 2749 4491 per
2817 4399 2975 4488 quel
3030 4398 3181 4469 sin-r

956 4639 1010 4702 (¹)
1043 4640 1105 4690 13.
1140 4641 1622 4704 Υθθῡβῃθῦῦθῦθῑῦῐ·
2247 4645 2301 4709 (¹)
2338 4654 2444 4708 11⁷,
2479 4649 2749 4699 exclamat.
