3704 5559
850 492 942 558 66
1577 504 1984 558 COMENTUM
2034 504 2473 558 PURGA'roRn

842 652 929 724 Et
981 650 1222 724 subdit
1272 656 1487 745 poeta
1541 650 2090 744 responsionem
2146 650 2419 747 Virgilii
2472 650 2564 724 ad
2617 651 2799 744 illos,
2846 651 3125 725 dicens:
3165 670 3201 721 e

857 774 1142 861 Viryilio
1204 774 1498 863 rispose,
1551 772 1943 845 ostendens
2005 771 2315 845 similem
2383 772 2873 867 ignorantiam
2938 773 3010 845 in
3078 792 3198 846 se:

842 895 957 963 voi
1013 894 1280 964 credece
1324 896 1522 985 forse
1584 894 1702 963 clze
1759 895 1985 964 siamo
2047 896 2300 984 esperli
2367 894 2434 963 d'
2462 899 2602 964 esto
2665 895 2842 983 loce,
2905 893 3198 986 scilicet,

839 1011 1012 1105 quia
1064 1011 1459 1085 fecerimus
1492 1002 1562 1102 (⁴)
1619 1010 1741 1083 diu
1798 1011 2265 1085 residentiam
2328 1011 2467 1104 hic,
2520 1011 2649 1085 sed
2710 1033 2857 1086 non
2909 1020 3020 1086 est
3071 1013 3193 1106 sic,

842 1131 1018 1225 quia
1069 1131 1204 1205 iste
1256 1132 1480 1205 miser
1516 1136 1803 1204 tantum
1844 1152 2040 1205 nunc
2075 1132 2535 1227 recognoscit
2572 1153 2910 1207 errorem
2950 1154 3198 1226 suum,

844 1250 1033 1325 sicut
1084 1258 1157 1326 et
1209 1272 1385 1345 vos3
1449 1251 1669 1324 habet
1737 1257 1986 1325 tamen
2049 1254 2641 1349 praerogativam,
2697 1254 2870 1347 quia
2934 1253 3199 1346 quaerit

848 1371 1120 1445 reverti
1188 1370 1282 1444 ad
1346 1370 1542 1445 viam
1606 1376 1884 1444 rectam
1952 1371 2024 1443 in
2076 1372 2248 1465 vita,
2311 1392 2440 1445 vos
2507 1394 2688 1446 vero
2737 1374 2975 1446 solum
3039 1380 3198 1469 post

846 1501 1187 1566 mortem.
1258 1491 1464 1564 Unde
1530 1490 1746 1563 dicit:
1809 1511 1929 1562 ma
1987 1494 2107 1563 noi
2178 1495 2358 1564 siam
2424 1497 2762 1584 pereyrin
2823 1514 3016 1565 come
3086 1497 3203 1566 voi

844 1614 1028 1703 sicce,
1066 1612 1236 1704 quia
1291 1610 1626 1684 vadimus
1678 1610 1767 1685 ad
1808 1616 2135 1685 montem
2173 1618 2511 1685 sanctum
2546 1633 2681 1706 pro
2725 1612 3196 1709 indulgentia,

847 1730 1033 1804 sicut
1086 1738 1159 1805 et
1211 1752 1363 1825 voS,
1408 1738 1482 1805 et
1532 1731 1744 1804 citius
1795 1731 2317 1825 perveniemus
2368 1733 2460 1805 ad
2515 1733 2917 1806 terminum
2974 1754 3199 1826 quam

848 1872 999 1946 νος,
1054 1852 1226 1945 quia
1269 1854 1426 1947 jam
1483 1853 1799 1924 multum
1856 1852 2403 1926 ambulavimus
2438 1873 2571 1947 per
2615 1853 2894 1949 sylvam
2947 1874 3202 1949 asper-

848 1972 1137 2065 rimam,
1190 1979 1264 2046 et
1321 1972 1444 2045 diu
1508 1971 2010 2045 laboravimus
2079 1992 2211 2066 pro
2273 1971 2767 2066 perveniendo
2827 1973 2920 2047 ad
2982 1974 3200 2047 istam

851 2092 1069 2164 viam.
1123 2091 1329 2163 Unde
1379 2090 1583 2163 dicit:
1636 2093 1883 2162 dianzi
1924 2095 2264 2163 venimmo
2314 2095 2612 2164 innanzi
2642 2114 2690 2164 α
2726 2096 2842 2165 voi
2873 2114 2967 2165 un
2990 2114 3202 2185 pocO,

852 2211 1060 2304 quasi
1112 2210 1348 2284 dicat:
1406 2211 1908 2304 modo-mod0‚
1953 2234 2089 2303 per
2140 2217 2331 2285 altra
2383 2216 2525 2304 via,
2578 2213 2848 2287 scilicet
2882 2214 3203 2289 inferna-

852 2330 1022 2424 lem,
1058 2333 1178 2404 che
1220 2336 1301 2424 fu
1351 2324 1410 2402 εὶ
1461 2353 1684 2423 aspra
1735 2354 1771 2403 e
1814 2336 2044 2424 force,'
2071 2332 2274 2426 idest,
2312 2353 2605 2427 semper
2654 2334 3198 2430 descendend03

849 2452 968 2522 che
1000 2454 1051 2523 ’l
1096 2454 1311 2523 salire
1361 2454 1698 2541 oyyimai,
1736 2451 1942 2544 idest,
1978 2452 2375 2525 ascendere
2410 2454 2677 2527 amodo
2726 2453 2816 2526 ad
2871 2460 3197 2528 montem

848 2571 1277 2666 purgatorii,
1331 2593 1417 2643 ne
1475 2562 1713 2662 parrd
1778 2575 2006 2661 yioco,
2069 2572 2270 2665 idest,
2327 2572 2501 2664 quid
2564 2573 3010 2668 delectabile,
3078 2595 3199 2649 re-

848 2691 1187 2784 spective.
1228 2691 1313 2763 Et
1347 2710 1545 2784 vere,
1583 2690 2038 2764 considerata
2073 2692 2261 2765 bene
2315 2698 2387 2765 et
2438 2693 2728 2790 cognita
2778 2692 3201 2771 infirmitate

850 2817 924 2884 et
975 2810 1390 2884 infelicitate
1450 2817 1949 2904 peccatorum,
2012 2832 2179 2904 quae
2240 2832 2533 2906 semper
2585 2813 2813 2888 tendit
2871 2815 2965 2888 ad
3028 2815 3198 2909 ima,

850 2929 1130 3002 facilius
1200 2936 1309 3003 est
1372 2931 1771 3004 ascendere
1802 2923 1873 3022 (²)
1952 2931 2045 3004 ad
2113 2932 2572 3006 altitudinem
2643 2940 2718 3008 et
2785 2934 3196 3010 felicitatem

849 3049 1685 3122 virtutum.—L'anime.
1718 3052 1846 3123 Hic
1884 3057 2098 3145 poeta
2134 3052 2474 3126 describit
2510 3054 2855 3128 effectum
2897 3076 3201 3150 respon-

850 3167 1069 3240 sionis
1123 3169 1429 3264 Virgilii3
1483 3177 1556 3243 et
1607 3169 1932 3244 breviter
1983 3171 2174 3265 dicit,
2230 3173 2426 3266 quod
2481 3173 2804 3247 videntes
2854 3180 3197 3248 autorem

851 3286 1008 3359 fore
1052 3287 1304 3360 vivum
1356 3289 1432 3360 in
1485 3295 1682 3362 tanta
1721 3290 1939 3363 turba
1976 3298 2476 3386 mortuorum,
2513 3314 2666 3386 prae
2698 3284 2770 3385 (³)
2811 3293 3033 3368 nimia
3068 3294 3200 3368 ad-

852 3406 1241 3480 miratione
1294 3406 1502 3480 factae
1562 3417 1733 3481 sunt
1784 3410 2110 3486 attonitae
2176 3418 2249 3485 et
2310 3407 2610 3507 pallidae.
2679 3413 2765 3485 Et
2830 3420 2940 3486 est
2990 3414 3201 3488 litera

852 3527 1091 3619 clara3
1147 3527 1342 3600 unde
1393 3526 1608 3599 dicit:
1665 3533 1738 3600 L'
1767 3533 1997 3602 anime
2047 3533 2167 3602 che
2215 3535 2279 3602 si
2319 3535 2447 3624 fur
2477 3535 2553 3605 di
2590 3553 2700 3604 me
2732 3541 3032 3624 accone,
3068 3554 3201 3628 per

853 3645 1152 3720 evidens
1221 3647 1536 3742 signum,
1606 3650 1706 3719 ch’
1732 3654 1801 3721 io
1867 3672 1996 3722 era
2063 3672 2286 3723 ancor
2354 3655 2511 3725 vivo
2569 3673 2704 3743 per
2765 3656 2835 3725 lo
2894 3656 3201 3746 spirare,

854 3766 1048 3860 quia,
1104 3765 1396 3860 scilicet,
1441 3767 1901 3842 attrahebam
1955 3776 2029 3844 et
2079 3771 2505 3845 emittebam
2544 3792 2822 3866 aerem,
2860 3773 3016 3846 sine
3051 3793 3202 3866 quo

853 3893 963 3960 est
1023 3886 1463 3981 impossibile
1532 3888 1908 3962 hominem
1972 3891 2244 3984 vivere,
2307 3892 2505 3984 quod
2569 3892 2837 3966 animae
2906 3893 3200 3966 illorum

853 4026 1001 4079 non
1053 4006 1435 4100 faciebant,
1489 4028 1657 4099 quae
1709 4016 1964 4084 carent
2014 4011 2364 4104 pulmone
2431 4018 2506 4085 et
2564 4012 2849 4086 caeteris
2907 4012 3203 4107 organis

850 4127 1377 4220 corporalibuS‚
1431 4131 1989 4218 meraviqliando
2025 4133 2392 4204 dessvencaro
2425 4139 2702 4205 smorte.
2741 4132 2830 4205 Et
2880 4132 2996 4207 hic
3031 4138 3204 4206 nota

848 4246 1047 4337 quod
1106 4254 1360 4340 stupor
1413 4255 1523 4321 est
1585 4250 1924 4343 quaedam
1995 4236 2272 4344 spec'ies
2338 4253 2621 4327 timoris
2682 4253 2809 4346 qui
2871 4254 3209 4348 provenit

851 4384 945 4438 ex
998 4365 1284 4440 insolita
1336 4368 1898 4463 imaginatione3
1936 4370 2098 4444 ideo
2140 4378 2365 4446 terret
2401 4373 2801 4467 hominem,
2846 4379 2918 4447 et
2971 4379 3208 4447 mutat

977 4618 1034 4681 (¹)
1064 4619 1115 4669 S.
1150 4619 1385 4671 fecimus.
1639 4622 1691 4685 (¹)
1726 4623 1786 4673 E.
1822 4624 2032 4674 tendere
2064 4638 2154 4674 seu
2189 4627 2483 4677 ascendere.
2736 4624 2790 4686 (')
2824 4624 2885 4674 E.
2920 4637 3032 4687 pro.
