3704 5559
1334 497 1608 553 CANTUs
1658 499 1982 553 TEnTms.
2736 491 2825 555 91

486 641 659 714 tiam
714 648 972 716 contra
1024 641 1238 716 istam
1268 634 1341 736 (¹)
1398 643 1835 719 solutionem
1890 642 2233 736 dicenteS‚
2286 645 2483 736 quod
2546 646 2832 720 etiamsi

485 761 715 835 Adam
771 783 919 836 non
954 769 1325 857 peccasset
1374 763 1760 856 oportebat
1793 762 2159 836 Christum
2203 763 2423 857 nasci,
2462 765 2633 857 quia
2673 765 2835 840 fue-

485 888 599 955 rat
647 883 1093 957 aeternaliter
1144 883 1720 976 praedestinatus,
1772 884 1861 956 Et
1913 889 2087 956 tunc
2149 883 2358 958 litera
2420 893 2834 980 exponetur

483 1001 624 1075 sic:
677 1002 736 1075 si
786 1001 1200 1096 potuissetis
1261 1001 1513 1076 videre
1578 1009 1814 1076 totum
1877 1023 2008 1097 per
2060 1004 2378 1079 rationes
2430 1008 2830 1100 naturaleS,

482 1137 629 1191 non
677 1118 1062 1212 oportebat
1112 1118 1414 1192 Mariam
1465 1140 1730 1214 parere
1764 1120 2132 1194 Christum
2188 1121 2314 1214 qui
2364 1123 2573 1197 daret
2621 1123 2828 1196 nohis

480 1237 696 1312 fidem
760 1260 927 1331 quae
990 1260 1135 1313 non
1194 1240 1458 1332 quaerit
1522 1240 1887 1334 rationes3
1949 1241 2074 1315 sed
2135 1242 2483 1335 quicquid
2541 1243 2826 1317 dicatur

479 1358 700 1433 credo
726 1358 925 1452 quod
956 1359 1192 1453 prima
1230 1360 1582 1454 expositio
1616 1361 1708 1433 sit
1741 1361 1974 1456 magis
2008 1363 2101 1436 de
2134 1362 2534 1437 intentione
2563 1369 2824 1457 poetae‚

477 1480 653 1574 quia
703 1480 1021 1553 Thomas
1071 1479 1162 1553 de
1212 1479 1526 1574 Aquin0‚
1580 1502 1803 1574 quem
1840 1482 1994 1577 ipse
2029 1483 2202 1556 satis
2235 1483 2570 1576 sequitur
2604 1484 2676 1556 in
2718 1484 2825 1557 di-

478 1600 685 1694 viniS,
740 1606 940 1675 tenet
979 1599 1176 1693 quod
1227 1600 1286 1673 si
1336 1601 1569 1674 Adam
1623 1623 1770 1675 non
1822 1610 2192 1695 peccasset
2243 1624 2389 1677 non
2440 1593 2825 1699 oportebat

475 1720 846 1795 Christum
899 1721 1138 1814 nasci3
1192 1741 1365 1794 nam
1431 1722 1555 1794 uhi
1609 1743 1756 1795 non
1808 1728 1917 1795 est
1970 1723 2201 1818 plaga,
2268 1744 2414 1796 non
2477 1728 2588 1796 est
2638 1744 2825 1817 opus

473 1839 868 1935 medicina3
934 1841 1060 1915 sed
1108 1841 1642 1934 ‘unusquisque
1709 1862 1846 1915 suo
1913 1841 2205 1936 ingenio
2277 1847 2523 1916 teneat
2593 1863 2822 1936 quam

472 1960 890 2061 opinionem
941 1961 1119 2033 vult.
1191 1962 1433 2034 Unum
1499 1967 1745 2035 tamen
1798 1960 2201 2035 notandum
2257 1961 2570 2055 videtur,
2624 1960 2821 2054 quod

471 2076 621 2155 non
669 2081 912 2155 solum
963 2081 1131 2155 licet
1181 2081 1459 2154 homini
1509 2081 1697 2155 scire
1747 2081 2019 2174 omnia,
2057 2081 2183 2155 sed
2228 2103 2375 2155 non
2427 2082 2594 2155 licet
2634 2081 2822 2155 scire

471 2222 733 2297 pauca,
801 2202 899 2275 ita
969 2208 1052 2275 ut
1119 2222 1298 2278 vera
1365 2202 1702 2276 videatur
1771 2203 2129 2277 sententia
2199 2202 2538 2275 dicentis:
2611 2203 2821 2276 Latet

471 2338 698 2396 omne
763 2342 1053 2414 verum,
1128 2321 1460 2396 discurre
1528 2342 1658 2417 per
1728 2322 2051 2418 singulos
2128 2322 2489 2416 sapientes
2558 2342 2815 2396 rerum

469 2441 884 2519 divinarum
936 2447 1012 2516 et
1061 2444 1586 2536 humanarum,
1634 2450 1708 2517 et
1757 2443 2084 2517 invenies
2134 2444 2377 2517 omnia
2434 2443 2814 2517 erroribus

465 2562 705 2658 plena.
774 2561 1226 2658 Augustinus
1290 2569 1364 2636 et
1423 2562 1913 2657 Hieronymus
1967 2562 2144 2636 tanti
2198 2562 2534 2635 doctores
2586 2582 2814 2634 sacrae

468 2683 889 2779 Scriptum,
951 2682 1078 2776 qui
1146 2682 1532 2756 intendunt
1584 2683 1896 2768 salutem
1949 2682 2392 2775 animarum,
2448 2687 2809 2774 quantum

466 2805 662 2881 inter
711 2826 791 2881 se
841 2804 1233 2897 aliquando
1284 2804 1747 2877 discordant?
1784 2802 2043 2876 medici
2090 2802 2215 2895 qui
2269 2801 2653 2877 intendunt
2695 2820 2813 2873 sa-

466 2926 701 3001 lutem
753 2944 1177 3019 corporum,
1214 2924 1585 3017 quomodo
1622 2921 2126 2996 conveniunt?
2165 2927 2333 3016 pete
2365 2920 2811 2994 Avicennam

467 3052 546 3122 et
592 3045 1029 3121 Averroim:
1085 3045 1359 3141 legistae
1408 3043 1533 3137 qui
1579 3048 1843 3115 curant
1878 3041 2062 3115 vitas
2097 3046 2171 3115 et
2206 3041 2642 3114 substantias
2682 3040 2817 3113 ho-

472 3164 781 3260 minum,
834 3170 1197 3259 quantum
1251 3163 1521 3236 habent
1572 3161 1946 3256 opiniones
2000 3160 2453 3234 contrarias?
2501 3159 2816 3234 decreti-

468 3293 600 3360 stae
670 3284 1046 3379 quomodo
1120 3283 1431 3357 invicem
1511 3281 2081 3355 contradicunt?
2146 3280 2492 3376 astrologi
2572 3278 2818 3371 qualia

468 3403 849 3480 mendacia
898 3403 1199 3478 dicunt?
1248 3402 1356 3475 De
1383 3393 1458 3493 (²)
1511 3401 1792 3475 caeteris
1841 3407 2149 3474 taceam.
2179 3441 2278 3454 —
2300 3406 2367 3472 E
2395 3402 2641 3473 disiar.
2681 3398 2810 3471 Hic

468 3521 812 3621 Virgilius
874 3522 1260 3598 confirmat
1326 3523 1515 3594 hanc
1584 3520 1901 3593 nobilem
1970 3519 2521 3613 persuasionem
2597 3539 2810 3592 suam

465 3642 609 3720 alia
676 3644 980 3737 ratione,
1045 3648 1118 3716 et
1175 3641 1465 3715 videtur
1517 3659 1838 3734 arguere
1897 3639 2045 3712 sic:
2108 3638 2168 3710 si
2231 3637 2564 3732 possibile
2618 3642 2812 3711 esset

466 3783 601 3859 per
634 3764 994 3838 rationem
1030 3760 1443 3835 naturalem
1497 3765 1569 3833 et
1620 3757 1997 3831 scientiam
2050 3757 2478 3849 acquisitam
2534 3776 2810 3852 cogno-

466 3903 675 3961 scere
723 3883 1200 3972 divinitatem,
1252 3887 1327 3956 et
1375 3879 1708 3954 ordinem
1774 3877 1964 3950 illius
2026 3876 2099 3948 in
2161 3876 2543 3968 creaturis,
2607 3881 2811 3949 certe

466 4004 791 4081 maxime
856 4004 1228 4079 novissent
1258 3991 1330 4094 (³)
1405 4001 1563 4074 haec
1638 4005 1712 4072 et
1789 3995 1931 4071 alla
2006 3997 2286 4089 antiqui
2354 3994 2812 4069 excellentis-

466 4124 631 4200 simi
689 4123 1139 4221 philosophi3
1191 4121 1318 4196 sed
1382 4142 1516 4194 nos
1583 4119 1918 4194 videmus
1989 4116 2185 4211 quod
2249 4117 2671 4191 Aristoteles
2738 4124 2814 4191 et

464 4243 695 4340 Plato,
744 4243 871 4339 qui
922 4248 1293 4320 noverunt
1343 4241 1506 4336 plus
1557 4237 1841 4312 caeteris
1895 4236 2070 4310 illud
2107 4237 2305 4331 quod
2357 4237 2521 4311 sciri
2577 4244 2819 4331 potest

589 4528 643 4591 (¹)
675 4526 737 4575 E.
768 4527 918 4575 istam
950 4524 1239 4575 instantiam
1273 4527 1326 4571 et
1358 4520 1686 4571 solutionem.
1940 4514 1997 4581 (¹)
2029 4518 2091 4568 Ε,
2126 4524 2184 4569 ut
2218 4519 2279 4567 de
2313 4518 2527 4568 emeris·

588 4603 640 4666 (⁸)
675 4603 736 4652 E.
769 4614 800 4651 e
834 4607 924 4652 117
957 4601 1219 4652 novissent
1250 4599 1351 4648 hoc
1384 4602 1438 4647 et
1469 4596 1570 4645 alii.
