3704 5559
1203 487 1479 542 camus
1532 487 1847 542 mzcmus
1899 489 2182 543 Pnnuus.
2716 474 2854 539 299

513 655 682 707 mus
734 654 867 706 nos
928 631 1228 728 diligere
1289 631 1523 705 Deum
1596 632 1669 704 in
1731 653 1811 707 se
1871 640 1945 706 et
2011 639 2308 727 propter
2374 651 2491 724 se3
2545 638 2620 704 et
2688 630 2860 724 quia

517 753 787 828 vocasti
842 773 1015 826 eum
1072 753 1361 827 Patrem
1418 760 1490 827 et
1553 753 1790 825 dixisti
1857 774 2029 827 eum
2100 753 2429 826 habitare
2490 753 2561 824 in
2631 752 2859 846 coeliS,

517 875 806 951 videtur
861 873 1350 967 respondere:
1406 873 1579 967 quid
1650 873 1778 965 viS,
1832 874 2006 967 quid
2072 874 2311 969 petis?
2372 874 2475 946 Ad
2543 875 2679 946 hoc
2741 892 2862 946 re-

517 995 898 1090 spondenS,
953 1000 1143 1088 pet0,
1197 1001 1279 1068 ut
1329 994 1824 1068 sanctificetur
1860 1014 2129 1068 nomen
2170 1002 2423 1066 tuum:
2469 1002 2543 1069 et
2597 994 2861 1068 merito

519 1114 964 1209 praeponitur
1017 1115 1149 1187 ista
1206 1114 1473 1208 petitio,
1529 1114 1700 1207 quia
1750 1121 1922 1187 ante
1975 1116 2220 1188 omnia
2259 1115 2474 1188 debet
2509 1113 2696 1186 filius
2737 1134 2862 1207 pe-

523 1240 677 1308 tere
727 1234 1283 1308 honorationem
1336 1234 1580 1327 patris.
1639 1234 1725 1306 Et
1783 1233 1896 1306 hic
1951 1241 2120 1307 nota
2175 1234 2370 1327 quod
2432 1234 2604 1327 quia
2653 1234 2860 1306 litera

521 1353 904 1427 videbatur
955 1355 1291 1446 obscura,
1330 1353 1702 1447 quomodo
1737 1353 1933 1427 enim
1987 1361 2222 1448 potest
2263 1354 2696 1427 sanctificari
2733 1353 2859 1446 qui

521 1478 629 1546 est
681 1479 975 1546 sanctus
1026 1477 1498 1546 sanctorum?
1537 1479 1761 1566 poeta
1800 1474 1938 1546 hoc
1981 1474 2324 1567 declarat,
2372 1474 2654 1547 dicens:
2710 1477 2866 1545 lau-

521 1595 687 1665 dato
754 1596 864 1664 sia
923 1596 980 1665 il
1038 1600 1152 1665 tuo
1211 1614 1415 1665 nome
1484 1615 1520 1665 e
1561 1596 1611 1665 ’l
1670 1599 1784 1664 tuo
1865 1597 2130 1685 valore,
2195 1595 2377 1668 idest
2445 1595 2701 1688 virtuS,
2767 1597 2866 1666 da

521 1716 690 1804 oym‘
753 1720 1112 1804 creatura,
1182 1713 1389 1807 quasi
1441 1712 1676 1785 dicat:
1734 1712 1844 1786 sac
1911 1734 2040 1786 nos
2101 1713 2201 1787 sic
2264 1713 2534 1806 vivere,
2593 1723 2673 1787 ut
2736 1735 2867 1808 per

523 1853 655 1907 nos
708 1840 778 1907 te
814 1833 1131 1909 universi
1173 1832 1601 1928 glorificent,
1641 1842 1714 1906 et
1750 1853 2018 1907 nomen
2067 1840 2276 1905 tuum
2329 1834 2861 1909 sanctissimum

521 1954 916 2047 amplietur
966 1953 1040 2027 in
1093 1953 1433 2027 omnibus
1509 1953 1771 2048 digne,
1838 1953 2000 2027 ideo
2069 1953 2275 2029 dicit:
2338 1949 2581 2028 com’e*
2637 1959 2867 2045 dequo

523 2074 598 2144 di
645 2076 905 2145 render
952 2077 1203 2165 grazia
1240 2077 1318 2146 al
1348 2080 1463 2146 tuo
1498 2076 1692 2146 dolce
1734 2093 1998 2164 vapore
2017 2098 2046 2164 ;
2082 2072 2287 2165 idest,
2322 2073 2657 2169 benignae
2692 2096 2867 2169 gra-

528 2193 691 2286 tiae3
748 2192 864 2266 vel
914 2213 1237 2288 expone:
1293 2193 1805 2286 sanctificetur,
1860 2192 2065 2286 idest,
2101 2192 2442 2267 firmetur
2496 2195 2566 2266 in
2620 2195 2866 2289 nobis;

526 2319 860 2385 sanctum
915 2312 1134 2405 enim,
1188 2312 1371 2386 idest
1423 2312 1758 2405 firmum3
1813 2319 1886 2386 et
1941 2314 2094 2385 haec
2146 2312 2381 2406 prima
2424 2314 2670 2408 petitio
2706 2337 2869 2389 ma-

528 2431 725 2505 xime
778 2432 1066 2506 videtur
1101 2438 1355 2505 contra
1393 2434 1768 2526 superbos.
1799 2473 1898 2485 —
1942 2439 2192 2523 Veyna.
2232 2432 2372 2507 Ista
2409 2441 2518 2507 est
2551 2434 2870 2508 secunda

525 2551 796 2646 petitio,
866 2550 939 2623 in
1009 2571 1156 2645 qua
1232 2558 1391 2645 post
1461 2551 2083 2625 honorificentiam
2160 2552 2380 2645 patris
2445 2553 2871 2648 adiungitur

527 2690 860 2765 congrue
885 2669 1133 2764 petitio
1170 2671 1633 2763 haereditatiS,
1662 2671 1734 2743 in
1762 2693 1906 2765 qua
1937 2672 2318 2767 dirigimus
2348 2693 2478 2746 nos
2506 2673 2575 2744 in
2606 2674 2869 2766 Deum,

526 2791 892 2865 dicentes:
948 2794 1281 2864 adveniat
1325 2813 1617 2883 reynum
1670 2800 1898 2865 tuum.-
1951 2800 2025 2866 et
2077 2794 2246 2885 quia
2314 2793 2444 2866 ista
2504 2794 2706 2867 litera
2762 2794 2873 2866 vi-

527 2910 744 2983 detur
794 2910 1127 3004 obscura,
1182 2918 1395 3006 poeta
1447 2911 1672 3006 ipsam
1729 2913 2073 3006 declarat,
2120 2913 2402 2987 dicens:
2463 2920 2692 3003 Veyna
2750 2937 2874 2987 ver

526 3033 648 3103 noi
697 3033 769 3102 la
815 3051 990 3121 pace
1039 3034 1153 3103 del
1199 3040 1313 3104 tuo
1363 3053 1610 3122 reque,
1654 3033 1861 3126 quasi
1905 3033 2133 3106 dicat:
2174 3054 2318 3107 non
2360 3033 2676 3127 petimus
2728 3036 2874 3109 huc

528 3149 849 3224 coelestia
904 3150 1256 3243 inclinari,
1294 3151 1420 3225 sed
1458 3152 1689 3246 magis
1742 3173 1873 3225 nos
1923 3152 2014 3225 ad
2067 3153 2386 3227 coelestia
2434 3154 2707 3227 elevari
2751 3175 2875 3227 ca-

529 3275 697 3343 tena
749 3269 968 3342 divini
1023 3270 1336 3363 luminis,
1392 3292 1558 3363 quae
1613 3273 1911 3346 veniens
1945 3293 1986 3345 a
2025 3274 2213 3346 coelo
2258 3275 2497 3346 trahat
2541 3296 2673 3346 nos
2708 3297 2875 3347 sur-

529 3410 739 3483 sum3
801 3396 875 3463 et
943 3390 1263 3486 assignat
1321 3412 1620 3465 causam
1691 3414 1925 3485 quare
1986 3394 2087 3466 sic
2150 3393 2352 3486 dixit,
2414 3394 2704 3467 dicens:
2760 3392 2883 3469 clze‘

531 3514 652 3582 noi
699 3531 841 3583 non
887 3517 1144 3602 potem,
1196 3513 1473 3606 supple,
1529 3513 1803 3605 venire,
1873 3517 1973 3585 ad
2021 3535 2202 3604 essa,
2248 3513 2539 3606 scilicet,
2592 3535 2874 3609 pacem,

531 3633 629 3703 da
676 3633 798 3702 noi
844 3651 976 3702 con
1026 3637 1190 3702 tutto
1239 3638 1484 3703 nostro
1535 3634 1861 3725 inyeyno,
1929 3633 2100 3725 quia
2158 3653 2303 3706 non
2366 3639 2474 3706 est
2541 3635 2877 3727 possibile

532 3751 805 3825 homini
858 3751 1210 3825 accedere
1260 3751 1349 3824 ad
1409 3771 1717 3846 regnum
1774 3752 1929 3845 Dei,
1973 3753 2104 3825 nisi
2148 3753 2380 3848 gratia
2435 3753 2560 3827 Dei
2616 3775 2877 3848 preve-

532 3870 686 3944 niat
734 3880 808 3947 et
859 3870 1237 3965 perveniat
1287 3870 1375 3944 ad
1420 3892 1631 3965 eum3
1670 3872 1831 3946 ideo
1866 3873 2069 3946 dicit:
2107 3876 2162 3944 s’
2190 3875 2350 3962 ella,
2386 3873 2590 3966 idest,
2627 3874 2682 3946 si
2722 3874 2874 3968 ipsa

535 4009 701 4085 pax,
738 4010 884 4062 non
922 3992 1102 4081 vien,
1139 3990 1430 4083 scilicet,
1468 3992 1560 4064 ad
1614 4013 1764 4065 nos.
1822 3993 1906 4064 Et
1944 3993 2056 4065 hic
2100 3999 2268 4066 nota
2308 3993 2502 4086 quod
2547 3994 2875 4067 Christus

532 4108 870 4203 proponit
938 4109 1141 4183 nohis
1220 4111 1606 4203 praemium
1692 4112 2152 4186 beatitudinis
2228 4112 2365 4185 sub
2445 4115 2872 4208 metaphora

536 4228 761 4324 regni.
817 4229 1000 4301 Nam
1056 4229 1129 4302 in
1180 4230 1400 4303 domo
1455 4251 1602 4303 una
1654 4230 2127 4305 inveniuntur
2183 4234 2588 4306 necessaria
2631 4234 2724 4305 ad
2766 4233 2876 4305 vi-

533 4354 708 4439 tam,
764 4346 889 4420 sed
941 4348 1205 4422 melius
1258 4350 1327 4422 in
1385 4349 1565 4443 vioe,
1620 4357 1693 4424 et
1742 4351 2017 4444 optime
2067 4351 2140 4423 in
2185 4351 2497 4444 civitate,
2537 4351 2607 4424 in
2647 4373 2876 4448 regno

536 4487 714 4541 vero
767 4469 1467 4561 superabundanter.
1526 4472 1662 4544 Per
1716 4492 2026 4567 regnum
2066 4492 2245 4568 ergo
2289 4472 2602 4566 petimus
2649 4472 2878 4546 beati-

539 4588 888 4682 tudinem,
943 4597 1215 4663 statum
1266 4591 1597 4664 omnium
1651 4591 2018 4665 bonorum
2060 4593 2585 4690 aggregatione
2637 4593 2875 4687 perfe-
