3704 5559
813 499 852 546 θ
872 507 1010 572 510
1447 497 1454 506 ’
1589 515 1997 574 coMEN'rUM
2045 517 2492 571 PURGA'ronu

866 659 1159 755 diebus3
1215 661 1410 735 unde
1461 669 1702 735 morte
1760 669 2178 756 praeventus
2243 681 2383 735 nec
2440 660 2778 734 sacerdos
2830 660 3210 734 ordinatus

869 790 998 856 est.
1052 782 1236 856 Dicit
1287 802 1468 877 ergo
1518 780 1913 855 Adrianus:
1960 787 2114 854 Una
2148 784 2466 873 flumana
2518 782 2722 871 bella,
2777 780 2878 853 sic
2928 780 3117 854 dicta
3168 802 3213 855 a

869 901 1171 976 flumine
1228 901 1593 995 Lavagna‚
1658 903 1714 972 ε’
1741 903 2008 993 adimet,
2075 901 2281 994 idest,
2350 900 2735 992 avallatur,
2802 921 2937 974 seu
2998 901 3215 974 abas-

869 1028 1095 1114 satur,
1148 1023 1342 1092 intra
1392 1023 1635 1092 Siestri
1681 1041 1719 1092 e
1775 1023 2116 1111 Chiaveri,
2171 1040 2340 1113 quae
2399 1027 2570 1093 sunt
2620 1019 2788 1092 duae
2841 1025 3058 1092 terrae
3113 1020 3214 1091 ri-

869 1141 1087 1236 periae
1129 1139 1507 1233 Januensis
1527 1164 1546 1232 ;
1611 1143 1678 1212 lo
1744 1144 1892 1213 titol
1950 1143 2065 1213 del
2124 1144 2262 1213 mio
2317 1161 2609 1231 samque,
2663 1139 2866 1233 idest,
2918 1140 3211 1213 illorum

859 1257 960 1335 'de
1010 1260 1262 1353 Flisco,
1309 1265 1391 1354 fa
1441 1280 1573 1333 sua
1623 1263 1831 1352 eima,
1883 1262 2089 1355 idest,
2123 1261 2405 1357 apicem
2460 1260 2613 1333 sive
2663 1261 2955 1334 culmen
3009 1261 3214 1334 nobi-

870 1365 1083 1453 litafls
1136 1388 1209 1455 et
1257 1381 1597 1473 potentiae
1651 1401 1961 1475 magnae,
2004 1403 2041 1453 e
2090 1384 2204 1454 del
2248 1402 2375 1453 suo
2427 1401 2667 1474 nome,·
2720 1380 2895 1473 quia
2947 1380 3213 1454 scilicet

867 1498 1034 1573 dicti
1089 1499 1364 1573 nobiles
1416 1506 1776 1574 vocantur
1827 1500 2131 1574 comites
2182 1499 2274 1574 de
2324 1501 2688 1594 Lavagna,
2742 1520 2873 1572 seu
2934 1499 3027 1573 de
3074 1500 3213 1572 Lo-

872 1640 1132 1715 vagno.
1192 1620 1297 1693 De
1348 1593 1669 1712 quorum
1725 1641 2004 1716 genere
2055 1621 2356 1695 fuerunt
2407 1619 2618 1691 multi
2677 1620 2809 1692 viri
2866 1620 3210 1711 valenteS,

868 1740 1234 1834 praecipue
1268 1740 1455 1813 alius
1490 1762 1697 1835 papa,
1721 1742 1848 1835 qui
1883 1741 2119 1815 dictus
2154 1746 2264 1815 est
2288 1739 2749 1813 Innocentius
2775 1761 2960 1835 papa
2985 1741 3074 1814 IV
3100 1741 3209 1813 vir

869 1858 1163 1951 qlidem
1221 1858 1675 1954 magnificuS,
1728 1868 1801 1934 et
1851 1861 2268 1934 destructor
2301 1859 2648 1933 Friderici
2689 1861 2770 1954 ll,
2815 1867 2886 1932 et
2924 1859 3214 1934 scienti-

868 1976 1050 2051 ficus
1102 1979 1176 2050 in
1227 1987 1551 2073 utroque
1591 1981 1769 2074 jure
1803 1988 1878 2054 et
1913 2001 2121 2055 sacra
2158 1980 2540 2074 scriptura.
2596 1981 2682 2052 Et
2734 1981 2947 2052 huius
2995 1980 3212 2054 Inno-

869 2096 1087 2169 centii
1141 2096 1273 2169 fuit
1324 2118 1547 2191 nepos
1600 2099 1735 2172 iste
1785 2099 2147 2172 Adrianus
2199 2120 2291 2173 ex
2344 2099 2605 2191 fratre3
2652 2099 2775 2193 qui
2820 2099 2968 2172 suis
3002 2101 3214 2172 exul-

870 2214 1189 2288 tantibus
1259 2217 1352 2290 de
1423 2218 1884 2310 promotione
1957 2240 2092 2292 sua
2168 2218 2394 2292 dixit:
2483 2222 2720 2292 Melius
2792 2227 2951 2291 erat
3026 2219 3211 2291 vobis

870 2335 1124 2406 habere
1187 2340 1621 2409 cardinalem
1686 2342 1943 2428 vivum,
1997 2359 2207 2428 quam
2251 2360 2517 2430 papam
2581 2345 2950 2411 mortuum.
2984 2379 3079 2391 —
3110 2344 3211 2412 Un

871 2474 1069 2527 mese.
1107 2456 1236 2529 Hic
1272 2457 1632 2530 Adrianus
1683 2456 2021 2550 ostendit,
2058 2458 2373 2550 qualiter
2426 2456 2711 2532 modica
2762 2458 3209 2551 experientia

870 2578 1211 2669 cognovit
1252 2577 1711 2671 importabile
1755 2577 2040 2672 pondus
2073 2578 2347 2672 papalis
2380 2577 2746 2673 dignitatis
2781 2578 3063 2651 dicens:
3107 2584 3209 2651 Un

870 2714 1051 2767 mese
1099 2718 1135 2768 e
1181 2718 1359 2789 poco
1404 2692 1526 2790 piel
1571 2701 1827 2789 prova’
1877 2700 1947 2769 io
1997 2718 2190 2769 come
2232 2718 2405 2788 pesa
2430 2696 2476 2768 'l
2522 2717 2713 2787 yran
2764 2705 3029 2789 manto,
3079 2719 3207 2793 per

875 2818 1306 2890 mantellum
1361 2819 1552 2895 Petri
1605 2819 1726 2893 dat
1778 2817 2076 2915 intelligi
2110 2823 2482 2912 papatum,
2521 2825 2596 2891 et
2630 2819 2976 2913 maxime,
3014 2843 3062 2891 a
3108 2824 3214 2895 chi

870 2937 997 3008 dal
1037 2940 1265 3029 sanyo
1313 2942 1369 3012 il
1412 2942 1723 3030 quarda,
1778 2940 1962 3013 sicut
2012 2958 2058 3011 a
2109 2937 2274 3011 labe
2322 2937 2670 3032 avaritiae,
2702 2939 2941 3033 gulae,
2990 2948 3063 3014 et
3097 2941 3213 3013 lu-

879 3055 1134 3150 xuriae,
1173 3080 1340 3151 quae
1377 3058 1650 3132 foedant
1687 3059 1996 3131 virtutes
2030 3077 2313 3150 omneS,
2357 3065 2440 3130 ut
2470 3058 2626 3151 jam
2681 3056 2956 3132 dictum
2994 3067 3103 3134 est
3141 3061 3212 3134 in

875 3173 1109 3266 prima
1153 3183 1379 3269 parte.
1437 3177 1522 3248 Et
1555 3177 1673 3249 hic
1711 3183 1905 3269 nota,
1945 3176 2142 3269 quod
2185 3196 2362 3250 vere
2398 3175 2844 3250 laboriosum
2881 3185 2987 3250 est
3019 3199 3207 3253 onus

874 3293 1302 3386 pontificale,
1340 3295 1399 3366 si
1450 3295 1714 3368 debeat
1767 3296 1956 3369 bene
1993 3295 2272 3369 servari
2308 3295 2892 3369 immaculatum.
2930 3298 3015 3369 Et
3052 3320 3214 3372 ma-

874 3409 984 3505 gis
1020 3420 1324 3507 experto
1365 3421 1652 3508 poterat
1688 3415 1994 3489 credere
2029 3415 2411 3509 Adrianus,
2447 3416 2719 3491 scilicet
2760 3420 3210 3494 sanctissimo

874 3551 1078 3625 papae
1129 3531 1483 3628 Gregorio
1510 3534 1562 3627 l,
1616 3534 1742 3625 qui
1793 3533 1869 3606 in
1911 3534 2160 3608 multis
2199 3535 2401 3609 libris
2435 3543 2509 3610 et
2544 3535 2715 3609 locis
2749 3538 2946 3612 dolet
2979 3551 3053 3615 et
3084 3539 3212 3614 de-

875 3652 1110 3746 plorat
1160 3652 1349 3726 istud
1400 3638 1855 3749 gravamen3
1908 3674 2003 3727 ex
2055 3674 2205 3747 quo
2255 3654 2567 3729 ostendit
2609 3657 2972 3731 sarcinam
3016 3660 3208 3732 illam

875 3771 1087 3845 nimis
1139 3774 1522 3846 molestam
1575 3793 1736 3848 esse
1785 3762 2148 3868 omnibus,
2185 3774 2313 3866 qui
2354 3775 2772 3849 custodiunt
2808 3777 3002 3850 illam
3041 3778 3212 3851 illae-

875 3913 1054 3965 sam.
1108 3891 1277 3966 Ideo
1326 3892 1517 3967 bene
1568 3892 2002 3967 Coelestinus
2041 3892 2132 3965 IV
2169 3894 2379 3986 quasi
2421 3895 2801 3970 mortifero
2854 3897 3048 3971 fasce
3082 3898 3210 3972 de-

870 4011 1125 4105 posito,
1162 4032 1333 4084 cum
1382 4010 1652 4107 gaudio
1705 4017 1779 4085 et
1830 4010 2075 4086 laetitia
2109 4012 2574 4089 solitudinem
2631 4018 3027 4111 repetebat,
3072 4017 3205 4090 nisi

729 4144 756 4169 ⁸
867 4136 1229 4204 retractus
1282 4130 1533 4204 suisset
1583 4151 1809 4224 opera
1873 4131 2263 4226 Bonifacii3
2316 4144 2390 4210 et
2453 4145 2699 4210 tamen
2763 4136 2835 4207 in
2889 4136 3013 4209 illo
3059 4136 3209 4230 pri-

868 4256 1039 4322 vato
1091 4269 1391 4324 carcere
1442 4257 1691 4325 sancte
1742 4249 1941 4344 vixit,
1979 4257 2053 4325 et
2102 4252 2426 4326 animam
2478 4254 2783 4328 feliciter
2835 4255 2987 4328 Deo
3040 4255 3209 4329 red-

869 4364 1075 4460 didit3
1112 4367 1236 4440 ubi
1280 4369 1693 4444 Bonifacius
1735 4369 2117 4445 infeliciter
2152 4378 2226 4445 et
2265 4371 2649 4467 desperate
2691 4374 2913 4447 vitam
2958 4374 3207 4449 finivit.

869 4488 955 4560 Et
1003 4486 1390 4563 confirmat
1439 4490 1714 4565 dictum
1768 4510 1991 4563 suum
2045 4512 2177 4585 per
2229 4494 2852 4589 comparationem
2911 4494 3211 4587 claram,

871 4606 1166 4682 dicens:
1242 4610 1360 4681 che
1428 4629 1583 4682 men
1651 4613 1747 4683 mi
1800 4612 2130 4684 sembran
2188 4620 2347 4687 tutte
2420 4619 2464 4688 l’
2491 4618 2671 4688 altre
2730 4635 2947 4706 some,
3008 4613 3212 4708 idest,
