3704 5559
1398 509 1676 563 CANTUs
1728 509 2063 564 nummus,
2761 498 2903 565 285

554 655 790 753 gnitas
842 654 1270 750 pontificalis
1323 663 1434 728 est
1485 654 1721 728 maior
1773 655 2038 750 regali3
2082 660 2153 729 et
2188 661 2349 728 erat
2392 655 2634 727 minus
2679 676 2903 747 quam

553 799 686 853 rex
737 778 931 851 inter
988 778 1239 851 turbas
1291 777 1622 851 saltando
1674 785 1748 852 et
1797 770 2158 851 cantando
2201 777 2598 851 humiliter.
2637 779 2693 851 E
2729 798 2907 851 con-

550 906 665 973 tra
714 906 966 972 autem
1019 898 1275 972 Michol
1331 918 1520 971 uxor
1569 898 1727 971 eius
1771 899 2113 993 superba,
2152 902 2450 989 effiyiata
2498 901 2574 970 di
2621 906 2898 988 contra,

551 1019 756 1113 idest,
809 1018 1124 1114 figurata
1174 1018 1249 1092 in
1302 1037 1678 1091 marmore
1737 1037 1832 1092 ex
1892 1017 2220 1112 opposito
2285 1017 2535 1110 David,
2599 1021 2698 1091 ad
2757 1039 2904 1090 una

557 1143 755 1231 vista,
779 1140 1079 1233 scilicet,
1109 1139 1200 1212 ad
1237 1140 1656 1232 fenestram,
1694 1141 1762 1210 d’
1788 1159 1885 1210 un
1923 1159 2118 1227 yran
2147 1141 2440 1229 palayio
2477 1142 2906 1230 ammirava,

555 1259 847 1353 scilicet,
908 1259 1133 1333 David
1195 1264 1346 1331 tam
1412 1259 1720 1352 turpiter
1770 1258 2235 1353 jubilantem,
2295 1250 2356 1331 st
2412 1280 2602 1331 come
2662 1262 2904 1331 donna

555 1381 926 1471 cles-pettosa
975 1402 1012 1452 e
1076 1383 1302 1469 trista,
1374 1379 1546 1472 quia
1615 1378 2134 1474 indignabatur
2199 1385 2271 1453 et
2333 1380 2761 1453 tristabatur
2811 1380 2905 1454 de

554 1503 722 1571 actu
776 1505 852 1571 et
900 1506 1111 1593 gestu
1165 1499 1300 1572 viri
1353 1498 1487 1571 sui.
1543 1498 1631 1571 Et
1682 1498 1798 1572 hic
1854 1505 2025 1572 nota
2077 1499 2274 1592 quod
2335 1498 2558 1593 aliqui
2623 1499 2906 1593 volunt,
3002 1564 3003 1567 l

555 1619 753 1713 quod
789 1618 1046 1693 Michol
1083 1640 1229 1693 non
1265 1625 1552 1692 tantum
1587 1619 1881 1693 dolebat
1915 1619 2007 1693 de
2043 1619 2451 1692 humilitate
2478 1618 2636 1712 viri,
2667 1640 2907 1712 quan-

554 1745 715 1812 tum
770 1739 964 1832 quod
1017 1740 1307 1813 videbat
1357 1738 1800 1813 concubinas
1851 1744 1927 1812 et
1974 1737 2154 1812 alias
2207 1738 2556 1812 mulieres
2610 1739 2905 1833 pulcras

556 1858 746 1933 circa
799 1859 1049 1954 David,
1091 1880 1262 1933 cum
1302 1859 1454 1951 ipsa
1504 1865 1696 1933 esset
1733 1858 2002 1951 turpis;
2040 1858 2166 1931 sed
2216 1864 2418 1932 certe
2464 1858 2720 1931 Michol
2758 1857 2903 1932 filia

554 1979 848 2073 superbi
901 1978 997 2051 ob
1049 1984 1552 2071 contemptum
1609 1978 1977 2072 religionis
2043 1998 2216 2050 cum
2279 1978 2704 2073 arrogantia
2755 1998 2903 2051 nou

553 2099 832 2194 peperit
884 2099 1114 2171 filium
1168 2119 1260 2172 ex
1315 2099 1541 2172 David
1594 2118 1835 2191 usque
1884 2098 1978 2172 ad
2031 2105 2390 2173 mortem:
2447 2098 2673 2173 David
2723 2118 2906 2173 vero

555 2221 649 2295 ob
707 2219 1174 2294 devotionem
1243 2205 1408 2293 fidei
1472 2227 1546 2294 et
1608 2219 2036 2293 humilitatis
2097 2221 2352 2294 babuit
2417 2220 2740 2315 quietem
2810 2221 2905 2294 ab

556 2340 894 2415 omnibus
958 2339 1265 2413 inimicis
1330 2340 1733 2413 suis—Io
1793 2344 2024 2413 mos-si.
2094 2341 2223 2415 Hic
2284 2347 2497 2436 poeta
2564 2341 2906 2416 describit

556 2460 857 2535 tertium
909 2467 1159 2534 actum
1224 2460 1565 2534 maximae
1627 2461 2052 2534 humilitatis
2119 2462 2192 2534 in
2263 2462 2708 2557 imperatore
2780 2482 2906 2535 ro-

555 2600 776 2655 mano
826 2579 1349 2674 potentissimo,
1388 2580 1514 2673 qui
1565 2580 1639 2651 in
1686 2580 1829 2653 vita
1867 2580 2001 2653 fuit
2039 2588 2368 2654 remotus
2408 2580 2501 2654 ab
2535 2603 2686 2655 uno
2723 2601 2904 2655 vero

554 2701 729 2776 Deo,
782 2700 891 2774 Ad
946 2700 1165 2773 buius
1213 2701 1446 2775 literae
1498 2699 2044 2797 intelligentiam
2114 2703 2280 2775 volo
2344 2708 2416 2775 te
2466 2688 2655 2776 scire
2706 2700 2903 2797 quod

556 2823 765 2896 multi
815 2822 1237 2896 describunt
1287 2823 1542 2917 pulcre
1594 2822 1781 2895 hanc
1834 2822 2238 2916 historiam,
2289 2823 2478 2897 sicut
2531 2823 2902 2919 Helynau-

553 2944 690 3018 dus
722 2942 1027 3040 gallicus
1064 2948 1137 3017 et
1169 2943 1600 3037 Polycratus
1627 2941 1980 3037 anglicuS‚
2008 2942 2133 3034 qui
2168 2941 2271 3016 sic
2304 2942 2552 3016 scribit
2601 2941 2900 3016 libroV:

552 3063 905 3138 Traianus
958 3069 1177 3136 tantae
1229 3061 1665 3136 fortitudinis
1716 3068 1789 3135 et
1841 3061 2198 3137 civilitatis
2241 3061 2396 3154 fuit,
2434 3060 2632 3154 quod
2683 3062 2903 3158 longe

554 3190 626 3259 et
675 3185 821 3261 late
871 3182 1244 3278 ampliavit
1297 3182 1476 3257 fines
1514 3182 1799 3256 romani
1842 3182 2153 3277 imperii,
2199 3182 2396 3276 quod
2431 3190 2591 3277 post
2642 3185 2902 3280 Augu-

552 3310 749 3378 stum
804 3304 1038 3400 magis
1090 3302 1331 3378 fuerat
1364 3302 1744 3377 defensum
1786 3323 2010 3396 quam
2039 3286 2385 3377 'nobiliter
2424 3303 2899 3399 ampliatum3

552 3424 861 3522 gloriam
915 3430 1162 3499 tamen
1217 3423 1606 3498 militarem
1661 3424 2165 3498 moderatione
2206 3423 2578 3519 superavit
2619 3425 2899 3521 Romae,

556 3550 628 3619 et
678 3564 812 3640 per
862 3544 1271 3639 provincias
1320 3544 1664 3618 omnibus
1701 3564 1782 3618 se
1820 3545 2181 3638 aequalem
2240 3544 2570 3639 reddens,
2622 3546 2900 3621 amicos

552 3662 851 3739 visitans
877 3657 952 3757 (¹)
1006 3664 1225 3739 etiam
1281 3663 1754 3757 infirmanteS,
1807 3671 1882 3737 et
1944 3663 2201 3738 diebus
2259 3664 2457 3737 festis
2522 3685 2694 3738 cum
2765 3666 2902 3740 illis

554 3781 823 3858 faciens
872 3784 1229 3879 convivia,
1282 3783 1493 3877 equis
1551 3790 1625 3858 et
1686 3783 2012 3857 vestibus
2072 3804 2336 3857 eorum
2402 3783 2901 3859 indifferenter

555 3908 770 3978 utem
827 3904 1117 4000 publice
1189 3909 1264 3977 et
1323 3902 1685 3998 privatim,
1751 3902 1987 3976 ditans
2054 3922 2334 3996 omneS‚
2396 3904 2900 3997 exemptiones

551 4023 963 4099 civitatibus
1014 4024 1314 4118 donam,
1357 4024 1697 4097 relaxans
1733 4023 2007 4096 tributa
2045 4022 2456 4117 provinciiS,
2492 4023 2672 4096 nulli
2722 4046 2900 4121 gra-

550 4143 684 4238 via,
735 4144 1079 4219 omnibus
1129 4164 1372 4239 carus,
1416 4143 1600 4217 adeo
1653 4143 1852 4236 quod
1903 4163 2143 4237 usque
2194 4144 2287 4218 ad
2337 4150 2664 4217 nostram
2717 4152 2901 4220 aeta-

549 4269 701 4339 tem
734 4256 805 4358 (²)
859 4266 1359 4340 acclamatur:
1397 4263 1703 4339 Felicior
1741 4264 1837 4339 sis
1871 4264 2230 4361 Augusto,
2268 4264 2531 4339 melior
2562 4266 2896 4342 Traiano.

548 4383 744 4480 Ergo
793 4385 1136 4459 omnibus
1185 4385 1541 4459 Traianus
1589 4384 2091 4479 praeferendus
2122 4392 2267 4479 aet,
2302 4384 2432 4479 qui
2483 4385 2557 4458 in
2609 4388 2891 4461 cultum

670 4571 730 4633 (¹)
759 4572 822 4623 B·
845 4573 1151 4625 *hanuet
1169 4573 1521 4624 *tunt-mantes.

670 4645 730 4712 (¹)
761 4649 838 4710 E..
871 4649 923 4702 S.
956 4664 988 4701 ο
1022 4655 1129 4712 1¹⁷,
1161 4654 1368 4701 atatem
1402 4649 1715 4713 principibus
1747 4650 2083 4702 acclamatur.
