<?xml version="1.0" encoding="UTF-8"?>
<!DOCTYPE html PUBLIC "-//W3C//DTD XHTML 1.0 Transitional//EN"
    "http://www.w3.org/TR/xhtml1/DTD/xhtml1-transitional.dtd">
<html xmlns="http://www.w3.org/1999/xhtml" xml:lang="en" lang="en">
 <head>
  <title>
</title>
<meta http-equiv="Content-Type" content="text/html;charset=utf-8" />
  <meta name='ocr-system' content='tesseract 3.04.00' />
  <meta name='ocr-capabilities' content='ocr_page ocr_carea ocr_par ocr_line ocrx_word'/>
</head>
<body>
  <div class='ocr_page' id='page_1' title='image "benvenutideramb00lacagoog_0223.png"; bbox 0 0 3704 5559; ppageno 0'>
   <div class='ocr_carea' id='block_1_1' title="bbox 1346 517 2866 581">
    <p class='ocr_par' dir='ltr' id='par_1_1' title="bbox 1346 517 2866 581">
     <span class='ocr_line' id='line_1_1' title="bbox 1346 517 2866 581; baseline 0.001 -2"><span class='ocrx_word' id='word_1_1' title='bbox 1346 525 1622 580; x_wconf 70' lang='lat' dir='ltr'>CAN&#39;rUs</span> <span class='ocrx_word' id='word_1_2' title='bbox 1672 526 2036 579; x_wconf 66' lang='lat' dir='ltr'>summus.</span> <span class='ocrx_word' id='word_1_3' title='bbox 2730 517 2866 581; x_wconf 81' lang='lat'>211</span> 
     </span>
    </p>
   </div>
   <div class='ocr_carea' id='block_1_2' title="bbox 532 669 2967 4489">
    <p class='ocr_par' dir='ltr' id='par_1_2' title="bbox 532 669 2967 4489">
     <span class='ocr_line' id='line_1_2' title="bbox 532 669 2878 766; baseline -0.002 -18"><span class='ocrx_word' id='word_1_4' title='bbox 532 677 1020 748; x_wconf 84' lang='lat' dir='ltr'>coronaverat</span> <span class='ocrx_word' id='word_1_5' title='bbox 1070 669 1518 765; x_wconf 84' lang='lat' dir='ltr'>Alphonsum</span> <span class='ocrx_word' id='word_1_6' title='bbox 1571 670 2143 766; x_wconf 87' lang='lat' dir='ltr'>primogenitum</span> <span class='ocrx_word' id='word_1_7' title='bbox 2204 692 2447 745; x_wconf 87' lang='lat' dir='ltr'>suum.</span> <span class='ocrx_word' id='word_1_8' title='bbox 2503 671 2711 744; x_wconf 85' lang='lat' dir='ltr'>Anno</span> <span class='ocrx_word' id='word_1_9' title='bbox 2763 690 2878 744; x_wconf 91' lang='lat' dir='ltr'>se-</span> 
     </span>
     <span class='ocr_line' id='line_1_3' title="bbox 532 791 2878 888; baseline -0.002 -21"><span class='ocrx_word' id='word_1_10' title='bbox 532 794 785 888; x_wconf 85' lang='lat' dir='ltr'><strong>quenti</strong></span> <span class='ocrx_word' id='word_1_11' title='bbox 841 791 1140 867; x_wconf 82' lang='lat' dir='ltr'>recessit</span> <span class='ocrx_word' id='word_1_12' title='bbox 1187 813 1233 866; x_wconf 92' lang='lat' dir='ltr'>a</span> <span class='ocrx_word' id='word_1_13' title='bbox 1283 791 1645 883; x_wconf 90' lang='lat' dir='ltr'>Narbona,</span> <span class='ocrx_word' id='word_1_14' title='bbox 1701 798 1770 865; x_wconf 89' lang='lat' dir='ltr'>et</span> <span class='ocrx_word' id='word_1_15' title='bbox 1822 797 1985 885; x_wconf 87' lang='lat' dir='ltr'>post</span> <span class='ocrx_word' id='word_1_16' title='bbox 2046 792 2314 866; x_wconf 92' lang='lat' dir='ltr'>multos</span> <span class='ocrx_word' id='word_1_17' title='bbox 2368 792 2658 865; x_wconf 90' lang='lat' dir='ltr'>labores</span> <span class='ocrx_word' id='word_1_18' title='bbox 2706 812 2878 885; x_wconf 88' lang='lat' dir='ltr'>per-</span> 
     </span>
     <span class='ocr_line' id='line_1_4' title="bbox 534 911 2874 1006; baseline -0.002 -17"><span class='ocrx_word' id='word_1_19' title='bbox 534 913 834 989; x_wconf 85' lang='lat' dir='ltr'>veniens</span> <span class='ocrx_word' id='word_1_20' title='bbox 888 913 958 985; x_wconf 90' lang='lat' dir='ltr'>in</span> <span class='ocrx_word' id='word_1_21' title='bbox 1010 912 1483 1005; x_wconf 82' lang='lat' dir='ltr'>cataloniam,</span> <span class='ocrx_word' id='word_1_22' title='bbox 1519 911 1800 986; x_wconf 89' lang='lat' dir='ltr'>obsedit</span> <span class='ocrx_word' id='word_1_23' title='bbox 1835 911 2202 986; x_wconf 90' lang='lat' dir='ltr'>civitatem</span> <span class='ocrx_word' id='word_1_24' title='bbox 2246 911 2609 1006; x_wconf 84' lang='lat' dir='ltr'>Girondae,</span> <span class='ocrx_word' id='word_1_25' title='bbox 2648 931 2874 1005; x_wconf 88' lang='lat' dir='ltr'>quam</span> 
     </span>
     <span class='ocr_line' id='line_1_5' title="bbox 535 1032 2880 1128; baseline -0.001 -19"><span class='ocrx_word' id='word_1_26' title='bbox 535 1034 828 1109; x_wconf 89' lang='lat' dir='ltr'>tandem</span> <span class='ocrx_word' id='word_1_27' title='bbox 883 1033 1072 1128; x_wconf 87' lang='lat' dir='ltr'>cepit</span> <span class='ocrx_word' id='word_1_28' title='bbox 1121 1053 1256 1128; x_wconf 91' lang='lat' dir='ltr'>per</span> <span class='ocrx_word' id='word_1_29' title='bbox 1306 1033 1601 1107; x_wconf 84' lang='lat' dir='ltr'>famem.</span> <span class='ocrx_word' id='word_1_30' title='bbox 1640 1032 1901 1106; x_wconf 84' lang='lat' dir='ltr'>Petrus</span> <span class='ocrx_word' id='word_1_31' title='bbox 1959 1032 2363 1126; x_wconf 89' lang='lat' dir='ltr'>prudenter</span> <span class='ocrx_word' id='word_1_32' title='bbox 2412 1032 2880 1106; x_wconf 87' lang='lat' dir='ltr'>considerans</span> 
     </span>
     <span class='ocr_line' id='line_1_6' title="bbox 538 1151 2882 1249; baseline 0 -22"><span class='ocrx_word' id='word_1_33' title='bbox 538 1153 730 1227; x_wconf 90' lang='lat' dir='ltr'>vires</span> <span class='ocrx_word' id='word_1_34' title='bbox 782 1153 973 1249; x_wconf 85' lang='lat' dir='ltr'>regis</span> <span class='ocrx_word' id='word_1_35' title='bbox 1022 1152 1370 1247; x_wconf 80' lang='lat' dir='ltr'>Franciae,</span> <span class='ocrx_word' id='word_1_36' title='bbox 1405 1152 1673 1246; x_wconf 87' lang='lat' dir='ltr'>quibus</span> <span class='ocrx_word' id='word_1_37' title='bbox 1716 1173 1795 1226; x_wconf 93' lang='lat' dir='ltr'>se</span> <span class='ocrx_word' id='word_1_38' title='bbox 1836 1152 2193 1246; x_wconf 89' lang='lat' dir='ltr'>imparem</span> <span class='ocrx_word' id='word_1_39' title='bbox 2232 1151 2610 1246; x_wconf 85' lang='lat' dir='ltr'>sentiebat,</span> <span class='ocrx_word' id='word_1_40' title='bbox 2647 1153 2882 1227; x_wconf 91' lang='lat' dir='ltr'>noluit</span> 
     </span>
     <span class='ocr_line' id='line_1_7' title="bbox 537 1272 2880 1367; baseline 0 -20"><span class='ocrx_word' id='word_1_41' title='bbox 537 1272 1000 1347; x_wconf 88' lang='lat' dir='ltr'>committere</span> <span class='ocrx_word' id='word_1_42' title='bbox 1053 1292 1133 1346; x_wconf 91' lang='lat' dir='ltr'>se</span> <span class='ocrx_word' id='word_1_43' title='bbox 1185 1272 1441 1366; x_wconf 87' lang='lat' dir='ltr'>proelio</span> <span class='ocrx_word' id='word_1_44' title='bbox 1492 1273 1905 1367; x_wconf 84' lang='lat' dir='ltr'>campestri,</span> <span class='ocrx_word' id='word_1_45' title='bbox 1942 1272 2070 1346; x_wconf 91' lang='lat' dir='ltr'>sed</span> <span class='ocrx_word' id='word_1_46' title='bbox 2120 1280 2402 1347; x_wconf 92' lang='lat' dir='ltr'>tantum</span> <span class='ocrx_word' id='word_1_47' title='bbox 2460 1273 2880 1348; x_wconf 89' lang='lat' dir='ltr'>intendebat</span> 
     </span>
     <span class='ocr_line' id='line_1_8' title="bbox 538 1385 2880 1488; baseline -0.001 -22"><span class='ocrx_word' id='word_1_48' title='bbox 538 1393 628 1466; x_wconf 91' lang='lat' dir='ltr'>ad</span> <span class='ocrx_word' id='word_1_49' title='bbox 680 1390 1222 1486; x_wconf 90' lang='lat' dir='ltr'>impediendum</span> <span class='ocrx_word' id='word_1_50' title='bbox 1277 1392 1637 1465; x_wconf 83' lang='lat' dir='ltr'>victualia.</span> <span class='ocrx_word' id='word_1_51' title='bbox 1677 1393 1764 1464; x_wconf 88' lang='lat' dir='ltr'>Et</span> <span class='ocrx_word' id='word_1_52' title='bbox 1797 1413 1970 1465; x_wconf 94' lang='lat' dir='ltr'>cum</span> <span class='ocrx_word' id='word_1_53' title='bbox 2027 1393 2255 1467; x_wconf 91' lang='lat' dir='ltr'>semel</span> <span class='ocrx_word' id='word_1_54' title='bbox 2308 1393 2665 1488; x_wconf 90' lang='lat' dir='ltr'>posuisset</span> <span class='ocrx_word' id='word_1_55' title='bbox 2696 1385 2768 1484; x_wconf 78' lang='lat'>(¹)</span> <span class='ocrx_word' id='word_1_56' title='bbox 2805 1392 2880 1465; x_wconf 92' lang='lat' dir='ltr'>in</span> 
     </span>
     <span class='ocr_line' id='line_1_9' title="bbox 539 1512 2877 1606; baseline -0 -21"><span class='ocrx_word' id='word_1_57' title='bbox 539 1512 832 1605; x_wconf 83' lang='lat' dir='ltr'>insidiiS,</span> <span class='ocrx_word' id='word_1_58' title='bbox 909 1518 1346 1586; x_wconf 90' lang='lat' dir='ltr'>occurrente</span> <span class='ocrx_word' id='word_1_59' title='bbox 1423 1512 1553 1584; x_wconf 90' lang='lat' dir='ltr'>sibi</span> <span class='ocrx_word' id='word_1_60' title='bbox 1630 1513 1789 1587; x_wconf 89' lang='lat' dir='ltr'>acie</span> <span class='ocrx_word' id='word_1_61' title='bbox 1860 1513 2466 1587; x_wconf 89' lang='lat' dir='ltr'>electissimorum</span> <span class='ocrx_word' id='word_1_62' title='bbox 2545 1512 2877 1606; x_wconf 87' lang='lat' dir='ltr'>equitum</span> 
     </span>
     <span class='ocr_line' id='line_1_10' title="bbox 539 1633 2884 1727; baseline 0.001 -21"><span class='ocrx_word' id='word_1_63' title='bbox 539 1633 991 1726; x_wconf 83' lang='lat' dir='ltr'>francorum,</span> <span class='ocrx_word' id='word_1_64' title='bbox 1047 1653 1178 1707; x_wconf 86' lang='lat' dir='ltr'>rex</span> <span class='ocrx_word' id='word_1_65' title='bbox 1230 1633 1491 1707; x_wconf 91' lang='lat' dir='ltr'>Petrus</span> <span class='ocrx_word' id='word_1_66' title='bbox 1542 1633 1776 1706; x_wconf 89' lang='lat' dir='ltr'>victus</span> <span class='ocrx_word' id='word_1_67' title='bbox 1827 1639 1958 1727; x_wconf 89' lang='lat' dir='ltr'>est,</span> <span class='ocrx_word' id='word_1_68' title='bbox 2003 1641 2077 1707; x_wconf 91' lang='lat' dir='ltr'>et</span> <span class='ocrx_word' id='word_1_69' title='bbox 2120 1635 2549 1707; x_wconf 89' lang='lat' dir='ltr'>vulneratus</span> <span class='ocrx_word' id='word_1_70' title='bbox 2588 1634 2660 1707; x_wconf 91' lang='lat' dir='ltr'>in</span> <span class='ocrx_word' id='word_1_71' title='bbox 2698 1634 2884 1709; x_wconf 84' lang='lat' dir='ltr'>facie</span> 
     </span>
     <span class='ocr_line' id='line_1_11' title="bbox 541 1753 2882 1848; baseline 0 -22"><span class='ocrx_word' id='word_1_72' title='bbox 541 1772 713 1827; x_wconf 92' lang='lat' dir='ltr'>cum</span> <span class='ocrx_word' id='word_1_73' title='bbox 769 1773 915 1826; x_wconf 91' lang='lat' dir='ltr'>una</span> <span class='ocrx_word' id='word_1_74' title='bbox 968 1753 1242 1846; x_wconf 90' lang='lat' dir='ltr'>lancea,</span> <span class='ocrx_word' id='word_1_75' title='bbox 1296 1759 1371 1826; x_wconf 92' lang='lat' dir='ltr'>et</span> <span class='ocrx_word' id='word_1_76' title='bbox 1421 1773 1617 1845; x_wconf 88' lang='lat' dir='ltr'>equo</span> <span class='ocrx_word' id='word_1_77' title='bbox 1669 1753 1827 1826; x_wconf 91' lang='lat' dir='ltr'>eius</span> <span class='ocrx_word' id='word_1_78' title='bbox 1880 1760 2090 1847; x_wconf 89' lang='lat' dir='ltr'>capto</span> <span class='ocrx_word' id='word_1_79' title='bbox 2143 1772 2273 1847; x_wconf 92' lang='lat' dir='ltr'>per</span> <span class='ocrx_word' id='word_1_80' title='bbox 2326 1753 2669 1845; x_wconf 80' lang='lat' dir='ltr'>habenaS,</span> <span class='ocrx_word' id='word_1_81' title='bbox 2729 1754 2882 1848; x_wconf 87' lang='lat' dir='ltr'>ipse</span> 
     </span>
     <span class='ocr_line' id='line_1_12' title="bbox 540 1864 2885 1967; baseline -0 -22"><span class='ocrx_word' id='word_1_82' title='bbox 540 1873 815 1966; x_wconf 91' lang='lat' dir='ltr'>probus</span> <span class='ocrx_word' id='word_1_83' title='bbox 866 1879 938 1947; x_wconf 93' lang='lat' dir='ltr'>et</span> <span class='ocrx_word' id='word_1_84' title='bbox 988 1872 1335 1967; x_wconf 88' lang='lat' dir='ltr'>providus</span> <span class='ocrx_word' id='word_1_85' title='bbox 1368 1864 1467 1966; x_wconf 81' lang='lat'>(²),</span> <span class='ocrx_word' id='word_1_86' title='bbox 1505 1894 1653 1945; x_wconf 91' lang='lat' dir='ltr'>non</span> <span class='ocrx_word' id='word_1_87' title='bbox 1701 1873 2035 1946; x_wconf 89' lang='lat' dir='ltr'>obstante</span> <span class='ocrx_word' id='word_1_88' title='bbox 2085 1873 2393 1946; x_wconf 90' lang='lat' dir='ltr'>vulnere</span> <span class='ocrx_word' id='word_1_89' title='bbox 2444 1873 2650 1947; x_wconf 83' lang='lat' dir='ltr'>faciei</span> <span class='ocrx_word' id='word_1_90' title='bbox 2704 1872 2885 1948; x_wconf 91' lang='lat' dir='ltr'>inci-</span> 
     </span>
     <span class='ocr_line' id='line_1_13' title="bbox 541 1991 2885 2088; baseline -0 -22"><span class='ocrx_word' id='word_1_91' title='bbox 541 1992 643 2066; x_wconf 90' lang='lat' dir='ltr'>dit</span> <span class='ocrx_word' id='word_1_92' title='bbox 694 1993 1018 2067; x_wconf 88' lang='lat' dir='ltr'>habenas</span> <span class='ocrx_word' id='word_1_93' title='bbox 1053 2014 1223 2066; x_wconf 89' lang='lat' dir='ltr'>cum</span> <span class='ocrx_word' id='word_1_94' title='bbox 1266 2013 1462 2086; x_wconf 91' lang='lat' dir='ltr'>ense,</span> <span class='ocrx_word' id='word_1_95' title='bbox 1501 2000 1575 2066; x_wconf 92' lang='lat' dir='ltr'>et</span> <span class='ocrx_word' id='word_1_96' title='bbox 1628 2013 1902 2088; x_wconf 87' lang='lat' dir='ltr'>urgens</span> <span class='ocrx_word' id='word_1_97' title='bbox 1936 2012 2212 2084; x_wconf 89' lang='lat' dir='ltr'>equum</span> <span class='ocrx_word' id='word_1_98' title='bbox 2257 1991 2688 2085; x_wconf 83' lang='lat' dir='ltr'>calcaribuS,</span> <span class='ocrx_word' id='word_1_99' title='bbox 2728 1992 2885 2067; x_wconf 81' lang='lat' dir='ltr'>exi-</span> 
     </span>
     <span class='ocr_line' id='line_1_14' title="bbox 546 2111 2885 2208; baseline 0.001 -23"><span class='ocrx_word' id='word_1_100' title='bbox 546 2111 647 2185; x_wconf 88' lang='lat' dir='ltr'>vit</span> <span class='ocrx_word' id='word_1_101' title='bbox 707 2112 801 2185; x_wconf 91' lang='lat' dir='ltr'>de</span> <span class='ocrx_word' id='word_1_102' title='bbox 874 2131 1220 2205; x_wconf 91' lang='lat' dir='ltr'>pressura</span> <span class='ocrx_word' id='word_1_103' title='bbox 1280 2118 1352 2185; x_wconf 88' lang='lat' dir='ltr'>et</span> <span class='ocrx_word' id='word_1_104' title='bbox 1412 2112 1641 2185; x_wconf 89' lang='lat' dir='ltr'>evasit</span> <span class='ocrx_word' id='word_1_105' title='bbox 1704 2132 1747 2184; x_wconf 88' lang='lat' dir='ltr'>a</span> <span class='ocrx_word' id='word_1_106' title='bbox 1814 2117 2140 2206; x_wconf 87' lang='lat' dir='ltr'>captura.</span> <span class='ocrx_word' id='word_1_107' title='bbox 2204 2112 2344 2185; x_wconf 91' lang='lat' dir='ltr'>Sed</span> <span class='ocrx_word' id='word_1_108' title='bbox 2411 2132 2557 2186; x_wconf 92' lang='lat' dir='ltr'>non</span> <span class='ocrx_word' id='word_1_109' title='bbox 2616 2133 2885 2208; x_wconf 84' lang='lat' dir='ltr'>gerens</span> 
     </span>
     <span class='ocr_line' id='line_1_15' title="bbox 544 2231 2885 2327; baseline 0 -22"><span class='ocrx_word' id='word_1_110' title='bbox 544 2231 811 2305; x_wconf 92' lang='lat' dir='ltr'>bonam</span> <span class='ocrx_word' id='word_1_111' title='bbox 873 2252 1132 2305; x_wconf 90' lang='lat' dir='ltr'>curam</span> <span class='ocrx_word' id='word_1_112' title='bbox 1185 2231 1278 2304; x_wconf 92' lang='lat' dir='ltr'>de</span> <span class='ocrx_word' id='word_1_113' title='bbox 1329 2231 1660 2325; x_wconf 91' lang='lat' dir='ltr'>vulnere,</span> <span class='ocrx_word' id='word_1_114' title='bbox 1715 2251 2058 2305; x_wconf 89' lang='lat' dir='ltr'>reversus</span> <span class='ocrx_word' id='word_1_115' title='bbox 2125 2231 2217 2305; x_wconf 92' lang='lat' dir='ltr'>ad</span> <span class='ocrx_word' id='word_1_116' title='bbox 2270 2232 2885 2327; x_wconf 78' lang='lat' dir='ltr'>villamfrancam,</span> 
     </span>
     <span class='ocr_line' id='line_1_16' title="bbox 546 2349 2887 2445; baseline 0.001 -21"><span class='ocrx_word' id='word_1_117' title='bbox 546 2356 706 2445; x_wconf 87' lang='lat' dir='ltr'>post</span> <span class='ocrx_word' id='word_1_118' title='bbox 759 2349 1125 2424; x_wconf 89' lang='lat' dir='ltr'>modicum</span> <span class='ocrx_word' id='word_1_119' title='bbox 1189 2358 1528 2424; x_wconf 90' lang='lat' dir='ltr'>mortuus</span> <span class='ocrx_word' id='word_1_120' title='bbox 1581 2358 1690 2425; x_wconf 90' lang='lat' dir='ltr'>est</span> <span class='ocrx_word' id='word_1_121' title='bbox 1741 2359 2002 2425; x_wconf 89' lang='lat' dir='ltr'>octava</span> <span class='ocrx_word' id='word_1_122' title='bbox 2052 2351 2168 2425; x_wconf 92' lang='lat' dir='ltr'>die</span> <span class='ocrx_word' id='word_1_123' title='bbox 2219 2352 2639 2425; x_wconf 90' lang='lat' dir='ltr'>novembris</span> <span class='ocrx_word' id='word_1_124' title='bbox 2691 2374 2887 2426; x_wconf 91' lang='lat' dir='ltr'>anno</span> 
     </span>
     <span class='ocr_line' id='line_1_17' title="bbox 547 2470 2883 2566; baseline 0 -24"><span class='ocrx_word' id='word_1_125' title='bbox 547 2470 833 2544; x_wconf 90' lang='lat' dir='ltr'>Domini</span> <span class='ocrx_word' id='word_1_126' title='bbox 914 2470 1434 2565; x_wconf 87' lang='lat' dir='ltr'>MCCLXXXV,</span> <span class='ocrx_word' id='word_1_127' title='bbox 1512 2478 1585 2545; x_wconf 91' lang='lat' dir='ltr'>et</span> <span class='ocrx_word' id='word_1_128' title='bbox 1667 2471 1994 2566; x_wconf 90' lang='lat' dir='ltr'>sepultus</span> <span class='ocrx_word' id='word_1_129' title='bbox 2070 2471 2468 2545; x_wconf 87' lang='lat' dir='ltr'>honorifice</span> <span class='ocrx_word' id='word_1_130' title='bbox 2554 2471 2623 2543; x_wconf 90' lang='lat' dir='ltr'>in</span> <span class='ocrx_word' id='word_1_131' title='bbox 2699 2472 2883 2546; x_wconf 86' lang='lat' dir='ltr'>Bar-</span> 
     </span>
     <span class='ocr_line' id='line_1_18' title="bbox 545 2589 2885 2686; baseline -0.001 -22"><span class='ocrx_word' id='word_1_132' title='bbox 545 2589 844 2665; x_wconf 89' lang='lat' dir='ltr'>cellona.</span> <span class='ocrx_word' id='word_1_133' title='bbox 918 2592 1283 2686; x_wconf 86' lang='lat' dir='ltr'>Philippus</span> <span class='ocrx_word' id='word_1_134' title='bbox 1349 2595 1600 2665; x_wconf 90' lang='lat' dir='ltr'>autem</span> <span class='ocrx_word' id='word_1_135' title='bbox 1670 2591 1909 2664; x_wconf 89' lang='lat' dir='ltr'>amisit</span> <span class='ocrx_word' id='word_1_136' title='bbox 1977 2591 2282 2665; x_wconf 91' lang='lat' dir='ltr'>classem</span> <span class='ocrx_word' id='word_1_137' title='bbox 2349 2612 2586 2683; x_wconf 91' lang='lat' dir='ltr'>suam,</span> <span class='ocrx_word' id='word_1_138' title='bbox 2657 2611 2885 2683; x_wconf 90' lang='lat' dir='ltr'>quam</span> 
     </span>
     <span class='ocr_line' id='line_1_19' title="bbox 545 2709 2967 2807; baseline -0.001 -23"><span class='ocrx_word' id='word_1_139' title='bbox 545 2710 905 2807; x_wconf 83' lang='lat' dir='ltr'>Rogerius</span> <span class='ocrx_word' id='word_1_140' title='bbox 956 2710 1047 2785; x_wconf 91' lang='lat' dir='ltr'>de</span> <span class='ocrx_word' id='word_1_141' title='bbox 1096 2710 1333 2805; x_wconf 89' lang='lat' dir='ltr'>Loria,</span> <span class='ocrx_word' id='word_1_142' title='bbox 1379 2710 1912 2787; x_wconf 88' lang='lat' dir='ltr'>valentissimus</span> <span class='ocrx_word' id='word_1_143' title='bbox 1947 2709 2373 2807; x_wconf 84' lang='lat' dir='ltr'>amiraglius</span> <span class='ocrx_word' id='word_1_144' title='bbox 2407 2710 2624 2784; x_wconf 90' lang='lat' dir='ltr'>donni</span> <span class='ocrx_word' id='word_1_145' title='bbox 2666 2709 2888 2805; x_wconf 89' lang='lat' dir='ltr'>Petri,</span> <span class='ocrx_word' id='word_1_146' title='bbox 2964 2741 2967 2744; x_wconf 96' lang='lat'>·</span> 
     </span>
     <span class='ocr_line' id='line_1_20' title="bbox 545 2830 2890 2924; baseline 0 -21"><span class='ocrx_word' id='word_1_147' title='bbox 545 2831 843 2905; x_wconf 91' lang='lat' dir='ltr'>veniens</span> <span class='ocrx_word' id='word_1_148' title='bbox 894 2831 986 2904; x_wconf 91' lang='lat' dir='ltr'>de</span> <span class='ocrx_word' id='word_1_149' title='bbox 1035 2830 1294 2924; x_wconf 89' lang='lat' dir='ltr'>Sicilia,</span> <span class='ocrx_word' id='word_1_150' title='bbox 1348 2851 1520 2904; x_wconf 89' lang='lat' dir='ltr'>cum</span> <span class='ocrx_word' id='word_1_151' title='bbox 1574 2830 1802 2903; x_wconf 89' lang='lat' dir='ltr'>classe</span> <span class='ocrx_word' id='word_1_152' title='bbox 1855 2830 2137 2923; x_wconf 90' lang='lat' dir='ltr'>invasit,</span> <span class='ocrx_word' id='word_1_153' title='bbox 2191 2836 2265 2903; x_wconf 91' lang='lat' dir='ltr'>et</span> <span class='ocrx_word' id='word_1_154' title='bbox 2316 2830 2650 2902; x_wconf 86' lang='lat' dir='ltr'>incendit.</span> <span class='ocrx_word' id='word_1_155' title='bbox 2688 2830 2890 2916; x_wconf 84' lang='lat' dir='ltr'>Qua-</span> 
     </span>
     <span class='ocr_line' id='line_1_21' title="bbox 543 2949 2888 3046; baseline 0.001 -24"><span class='ocrx_word' id='word_1_156' title='bbox 543 2958 839 3046; x_wconf 89' lang='lat' dir='ltr'>propter</span> <span class='ocrx_word' id='word_1_157' title='bbox 906 2952 1271 3046; x_wconf 86' lang='lat' dir='ltr'>Philippus</span> <span class='ocrx_word' id='word_1_158' title='bbox 1333 2952 1582 3025; x_wconf 90' lang='lat' dir='ltr'>videns</span> <span class='ocrx_word' id='word_1_159' title='bbox 1637 2951 2007 3024; x_wconf 87' lang='lat' dir='ltr'>fortunam</span> <span class='ocrx_word' id='word_1_160' title='bbox 2060 2950 2195 3022; x_wconf 92' lang='lat' dir='ltr'>sibi</span> <span class='ocrx_word' id='word_1_161' title='bbox 2244 2949 2658 3044; x_wconf 88' lang='lat' dir='ltr'>adversam,</span> <span class='ocrx_word' id='word_1_162' title='bbox 2720 2971 2888 3025; x_wconf 88' lang='lat' dir='ltr'>cre-</span> 
     </span>
     <span class='ocr_line' id='line_1_22' title="bbox 548 3070 2893 3167; baseline 0 -26"><span class='ocrx_word' id='word_1_163' title='bbox 548 3076 747 3144; x_wconf 88' lang='lat' dir='ltr'>mato</span> <span class='ocrx_word' id='word_1_164' title='bbox 798 3071 1112 3167; x_wconf 85' lang='lat' dir='ltr'>navigio,</span> <span class='ocrx_word' id='word_1_165' title='bbox 1166 3092 1315 3164; x_wconf 92' lang='lat' dir='ltr'>quo</span> <span class='ocrx_word' id='word_1_166' title='bbox 1376 3070 1716 3145; x_wconf 89' lang='lat' dir='ltr'>victualia</span> <span class='ocrx_word' id='word_1_167' title='bbox 1779 3070 2286 3166; x_wconf 90' lang='lat' dir='ltr'>portabantur,</span> <span class='ocrx_word' id='word_1_168' title='bbox 2338 3071 2667 3164; x_wconf 87' lang='lat' dir='ltr'>concepit</span> <span class='ocrx_word' id='word_1_169' title='bbox 2729 3075 2893 3143; x_wconf 88' lang='lat' dir='ltr'>tan-</span> 
     </span>
     <span class='ocr_line' id='line_1_23' title="bbox 549 3190 2891 3286; baseline -0 -22"><span class='ocrx_word' id='word_1_170' title='bbox 549 3198 706 3265; x_wconf 90' lang='lat' dir='ltr'>tum</span> <span class='ocrx_word' id='word_1_171' title='bbox 760 3192 1114 3286; x_wconf 91' lang='lat' dir='ltr'>dolorem,</span> <span class='ocrx_word' id='word_1_172' title='bbox 1168 3192 1364 3285; x_wconf 89' lang='lat' dir='ltr'>quod</span> <span class='ocrx_word' id='word_1_173' title='bbox 1417 3191 1829 3265; x_wconf 85' lang='lat' dir='ltr'>infirmatus</span> <span class='ocrx_word' id='word_1_174' title='bbox 1882 3198 1992 3265; x_wconf 90' lang='lat' dir='ltr'>est</span> <span class='ocrx_word' id='word_1_175' title='bbox 2039 3190 2132 3265; x_wconf 93' lang='lat' dir='ltr'>ad</span> <span class='ocrx_word' id='word_1_176' title='bbox 2185 3198 2523 3265; x_wconf 88' lang='lat' dir='ltr'>mortem.</span> <span class='ocrx_word' id='word_1_177' title='bbox 2582 3192 2687 3263; x_wconf 81' lang='lat' dir='ltr'>Ex</span> <span class='ocrx_word' id='word_1_178' title='bbox 2741 3211 2891 3284; x_wconf 88' lang='lat' dir='ltr'>quo</span> 
     </span>
     <span class='ocr_line' id='line_1_24' title="bbox 547 3311 2892 3407; baseline 0 -22"><span class='ocrx_word' id='word_1_179' title='bbox 547 3311 776 3386; x_wconf 83' lang='lat' dir='ltr'>franci</span> <span class='ocrx_word' id='word_1_180' title='bbox 830 3312 1183 3407; x_wconf 91' lang='lat' dir='ltr'>compulsi</span> <span class='ocrx_word' id='word_1_181' title='bbox 1235 3319 1407 3385; x_wconf 88' lang='lat' dir='ltr'>sunt</span> <span class='ocrx_word' id='word_1_182' title='bbox 1458 3313 1829 3404; x_wconf 88' lang='lat' dir='ltr'>recedere,</span> <span class='ocrx_word' id='word_1_183' title='bbox 1884 3317 2257 3406; x_wconf 88' lang='lat' dir='ltr'>portantes</span> <span class='ocrx_word' id='word_1_184' title='bbox 2323 3332 2574 3407; x_wconf 84' lang='lat' dir='ltr'>regem</span> <span class='ocrx_word' id='word_1_185' title='bbox 2627 3333 2892 3386; x_wconf 90' lang='lat' dir='ltr'>eorum</span> 
     </span>
     <span class='ocr_line' id='line_1_25' title="bbox 549 3431 2889 3528; baseline -0 -25"><span class='ocrx_word' id='word_1_186' title='bbox 549 3431 1064 3506; x_wconf 84' lang='lat' dir='ltr'>infirmantem.</span> <span class='ocrx_word' id='word_1_187' title='bbox 1120 3435 1377 3528; x_wconf 86' lang='lat' dir='ltr'>Magna</span> <span class='ocrx_word' id='word_1_188' title='bbox 1429 3453 1598 3526; x_wconf 88' lang='lat' dir='ltr'>pars</span> <span class='ocrx_word' id='word_1_189' title='bbox 1649 3432 2018 3505; x_wconf 86' lang='lat' dir='ltr'>exercitus</span> <span class='ocrx_word' id='word_1_190' title='bbox 2069 3431 2280 3525; x_wconf 90' lang='lat' dir='ltr'>periit</span> <span class='ocrx_word' id='word_1_191' title='bbox 2326 3431 2519 3505; x_wconf 87' lang='lat' dir='ltr'>fame</span> <span class='ocrx_word' id='word_1_192' title='bbox 2555 3439 2627 3505; x_wconf 92' lang='lat' dir='ltr'>et</span> <span class='ocrx_word' id='word_1_193' title='bbox 2663 3439 2889 3526; x_wconf 90' lang='lat' dir='ltr'>peste.</span> 
     </span>
     <span class='ocr_line' id='line_1_26' title="bbox 550 3551 2896 3628; baseline -0.001 -3"><span class='ocrx_word' id='word_1_194' title='bbox 550 3553 633 3625; x_wconf 91' lang='lat' dir='ltr'>Et</span> <span class='ocrx_word' id='word_1_195' title='bbox 688 3573 820 3627; x_wconf 86' lang='lat' dir='ltr'>rex</span> <span class='ocrx_word' id='word_1_196' title='bbox 875 3554 1133 3628; x_wconf 88' lang='lat' dir='ltr'>Petrus</span> <span class='ocrx_word' id='word_1_197' title='bbox 1183 3559 1354 3627; x_wconf 90' lang='lat' dir='ltr'>ante</span> <span class='ocrx_word' id='word_1_198' title='bbox 1408 3558 1722 3625; x_wconf 86' lang='lat' dir='ltr'>mortem</span> <span class='ocrx_word' id='word_1_199' title='bbox 1763 3551 2104 3625; x_wconf 90' lang='lat' dir='ltr'>rehabuit</span> <span class='ocrx_word' id='word_1_200' title='bbox 2136 3551 2556 3625; x_wconf 90' lang='lat' dir='ltr'>Girondam.</span> <span class='ocrx_word' id='word_1_201' title='bbox 2595 3551 2896 3625; x_wconf 87' lang='lat' dir='ltr'>Exerci-</span> 
     </span>
     <span class='ocr_line' id='line_1_27' title="bbox 552 3671 2898 3768; baseline 0 -24"><span class='ocrx_word' id='word_1_202' title='bbox 552 3676 669 3745; x_wconf 89' lang='lat' dir='ltr'>tus</span> <span class='ocrx_word' id='word_1_203' title='bbox 705 3672 1001 3767; x_wconf 89' lang='lat' dir='ltr'>Philippi</span> <span class='ocrx_word' id='word_1_204' title='bbox 1040 3672 1320 3768; x_wconf 83' lang='lat' dir='ltr'>fugiens</span> <span class='ocrx_word' id='word_1_205' title='bbox 1374 3672 1701 3766; x_wconf 90' lang='lat' dir='ltr'>pervenit</span> <span class='ocrx_word' id='word_1_206' title='bbox 1737 3671 2280 3766; x_wconf 81' lang='lat' dir='ltr'>perpinianum,</span> <span class='ocrx_word' id='word_1_207' title='bbox 2322 3672 2445 3745; x_wconf 91' lang='lat' dir='ltr'>ubi</span> <span class='ocrx_word' id='word_1_208' title='bbox 2503 3692 2635 3745; x_wconf 86' lang='lat' dir='ltr'>rex</span> <span class='ocrx_word' id='word_1_209' title='bbox 2691 3671 2898 3766; x_wconf 88' lang='lat' dir='ltr'>expi-</span> 
     </span>
     <span class='ocr_line' id='line_1_28' title="bbox 554 3782 2895 3887; baseline -0 -22"><span class='ocrx_word' id='word_1_210' title='bbox 554 3782 740 3866; x_wconf 85' lang='lat' dir='ltr'>ravit</span> <span class='ocrx_word' id='word_1_211' title='bbox 788 3793 905 3867; x_wconf 88' lang='lat' dir='ltr'>die</span> <span class='ocrx_word' id='word_1_212' title='bbox 949 3792 1269 3867; x_wconf 90' lang='lat' dir='ltr'>secunda</span> <span class='ocrx_word' id='word_1_213' title='bbox 1304 3793 1659 3885; x_wconf 85' lang='lat' dir='ltr'>octobris;</span> <span class='ocrx_word' id='word_1_214' title='bbox 1697 3799 1770 3866; x_wconf 91' lang='lat' dir='ltr'>et</span> <span class='ocrx_word' id='word_1_215' title='bbox 1804 3794 2131 3886; x_wconf 90' lang='lat' dir='ltr'>sepultus</span> <span class='ocrx_word' id='word_1_216' title='bbox 2167 3799 2279 3865; x_wconf 92' lang='lat' dir='ltr'>est</span> <span class='ocrx_word' id='word_1_217' title='bbox 2312 3793 2508 3887; x_wconf 91' lang='lat' dir='ltr'>apud</span> <span class='ocrx_word' id='word_1_218' title='bbox 2543 3792 2895 3865; x_wconf 88' lang='lat' dir='ltr'>Sanctum</span> 
     </span>
     <span class='ocr_line' id='line_1_29' title="bbox 551 3912 2898 4009; baseline 0.001 -25"><span class='ocrx_word' id='word_1_219' title='bbox 551 3912 996 4009; x_wconf 88' lang='lat' dir='ltr'>Dionysium.</span> <span class='ocrx_word' id='word_1_220' title='bbox 1052 3914 1323 3988; x_wconf 86' lang='lat' dir='ltr'>Deinde</span> <span class='ocrx_word' id='word_1_221' title='bbox 1374 3914 1609 3988; x_wconf 84' lang='lat' dir='ltr'>factus</span> <span class='ocrx_word' id='word_1_222' title='bbox 1669 3920 1778 3987; x_wconf 88' lang='lat' dir='ltr'>est</span> <span class='ocrx_word' id='word_1_223' title='bbox 1840 3933 1971 3986; x_wconf 83' lang='lat' dir='ltr'>rex</span> <span class='ocrx_word' id='word_1_224' title='bbox 2035 3912 2404 4007; x_wconf 87' lang='lat' dir='ltr'>Philippus</span> <span class='ocrx_word' id='word_1_225' title='bbox 2465 3912 2655 3985; x_wconf 87' lang='lat' dir='ltr'>filius</span> <span class='ocrx_word' id='word_1_226' title='bbox 2715 3913 2898 4006; x_wconf 82' lang='lat' dir='ltr'>eius,</span> 
     </span>
     <span class='ocr_line' id='line_1_30' title="bbox 552 4032 2901 4129; baseline 0.001 -23"><span class='ocrx_word' id='word_1_227' title='bbox 552 4033 676 4126; x_wconf 88' lang='lat' dir='ltr'>qui</span> <span class='ocrx_word' id='word_1_228' title='bbox 729 4033 1247 4129; x_wconf 82' lang='lat' dir='ltr'>agnominatus</span> <span class='ocrx_word' id='word_1_229' title='bbox 1281 4039 1393 4107; x_wconf 93' lang='lat' dir='ltr'>est</span> <span class='ocrx_word' id='word_1_230' title='bbox 1428 4033 1712 4125; x_wconf 90' lang='lat' dir='ltr'>Pulcer,</span> <span class='ocrx_word' id='word_1_231' title='bbox 1752 4054 1923 4107; x_wconf 93' lang='lat' dir='ltr'>cum</span> <span class='ocrx_word' id='word_1_232' title='bbox 1963 4032 2216 4129; x_wconf 84' lang='lat' dir='ltr'>regina</span> <span class='ocrx_word' id='word_1_233' title='bbox 2255 4034 2581 4106; x_wconf 86' lang='lat' dir='ltr'>Johanna</span> <span class='ocrx_word' id='word_1_234' title='bbox 2619 4033 2709 4107; x_wconf 91' lang='lat' dir='ltr'>de</span> <span class='ocrx_word' id='word_1_235' title='bbox 2749 4033 2901 4108; x_wconf 93' lang='lat' dir='ltr'>No-</span> 
     </span>
     <span class='ocr_line' id='line_1_31' title="bbox 551 4151 2907 4228; baseline 0.001 -3"><span class='ocrx_word' id='word_1_236' title='bbox 551 4152 756 4227; x_wconf 87' lang='lat' dir='ltr'>varia</span> <span class='ocrx_word' id='word_1_237' title='bbox 810 4173 1049 4228; x_wconf 85' lang='lat' dir='ltr'>uxore</span> <span class='ocrx_word' id='word_1_238' title='bbox 1099 4175 1256 4227; x_wconf 89' lang='lat' dir='ltr'>sua.</span> <span class='ocrx_word' id='word_1_239' title='bbox 1313 4153 1521 4227; x_wconf 90' lang='lat' dir='ltr'>Nunc</span> <span class='ocrx_word' id='word_1_240' title='bbox 1588 4153 1678 4226; x_wconf 88' lang='lat' dir='ltr'>ad</span> <span class='ocrx_word' id='word_1_241' title='bbox 1741 4153 2077 4226; x_wconf 86' lang='lat' dir='ltr'>literam:</span> <span class='ocrx_word' id='word_1_242' title='bbox 2130 4151 2302 4226; x_wconf 92' lang='lat' dir='ltr'>dicit</span> <span class='ocrx_word' id='word_1_243' title='bbox 2358 4152 2776 4227; x_wconf 87' lang='lat' dir='ltr'>Sordellus:</span> <span class='ocrx_word' id='word_1_244' title='bbox 2841 4159 2907 4227; x_wconf 87' lang='lat' dir='ltr'><em>E</em></span> 
     </span>
     <span class='ocr_line' id='line_1_32' title="bbox 550 4273 2900 4369; baseline 0.001 -24"><span class='ocrx_word' id='word_1_245' title='bbox 550 4276 709 4363; x_wconf 83' lang='lat' dir='ltr'>quel</span> <span class='ocrx_word' id='word_1_246' title='bbox 756 4278 1064 4364; x_wconf 79' lang='lat' dir='ltr'>NasettO,</span> <span class='ocrx_word' id='word_1_247' title='bbox 1102 4273 1307 4366; x_wconf 88' lang='lat' dir='ltr'>idest,</span> <span class='ocrx_word' id='word_1_248' title='bbox 1349 4274 1714 4369; x_wconf 88' lang='lat' dir='ltr'>Philippus</span> <span class='ocrx_word' id='word_1_249' title='bbox 1751 4274 2101 4347; x_wconf 81' lang='lat' dir='ltr'>NaselluS.</span> <span class='ocrx_word' id='word_1_250' title='bbox 2152 4273 2388 4367; x_wconf 88' lang='lat' dir='ltr'>Aliqui</span> <span class='ocrx_word' id='word_1_251' title='bbox 2444 4280 2691 4348; x_wconf 88' lang='lat' dir='ltr'>tamen</span> <span class='ocrx_word' id='word_1_252' title='bbox 2736 4283 2900 4348; x_wconf 86' lang='lat' dir='ltr'>tex—</span> 
     </span>
     <span class='ocr_line' id='line_1_33' title="bbox 550 4394 2898 4489; baseline 0 -20"><span class='ocrx_word' id='word_1_253' title='bbox 550 4401 670 4469; x_wconf 90' lang='lat' dir='ltr'>tus</span> <span class='ocrx_word' id='word_1_254' title='bbox 738 4395 1052 4469; x_wconf 88' lang='lat' dir='ltr'>habent:</span> <span class='ocrx_word' id='word_1_255' title='bbox 1121 4400 1414 4486; x_wconf 80' lang='lat' dir='ltr'>Nasulo,</span> <span class='ocrx_word' id='word_1_256' title='bbox 1473 4394 1599 4469; x_wconf 90' lang='lat' dir='ltr'>sed</span> <span class='ocrx_word' id='word_1_257' title='bbox 1667 4396 1908 4487; x_wconf 71' lang='lat' dir='ltr'>male,</span> <span class='ocrx_word' id='word_1_258' title='bbox 1972 4397 2092 4467; x_wconf 79' lang='lat' dir='ltr'>che</span> <span class='ocrx_word' id='word_1_259' title='bbox 2152 4403 2389 4468; x_wconf 77' lang='lat' dir='ltr'>stretlo</span> <span class='ocrx_word' id='word_1_260' title='bbox 2452 4418 2500 4468; x_wconf 88' lang='lat' dir='ltr'>a</span> <span class='ocrx_word' id='word_1_261' title='bbox 2564 4400 2898 4489; x_wconf 74' lang='lat' dir='ltr'>consiqlio</span> 
     </span>
    </p>
   </div>
   <div class='ocr_carea' id='block_1_3' title="bbox 681 4642 2390 4709">
    <p class='ocr_par' dir='ltr' id='par_1_3' title="bbox 681 4642 2390 4709">
     <span class='ocr_line' id='line_1_34' title="bbox 681 4642 2390 4709; baseline 0.001 -15"><span class='ocrx_word' id='word_1_262' title='bbox 681 4645 736 4707; x_wconf 82' lang='lat'>(¹)</span> <span class='ocrx_word' id='word_1_263' title='bbox 770 4648 859 4694; x_wconf 85' lang='lat'>117</span> <span class='ocrx_word' id='word_1_264' title='bbox 891 4658 921 4694; x_wconf 83' lang='lat' dir='ltr'>e</span> <span class='ocrx_word' id='word_1_265' title='bbox 955 4645 1015 4695; x_wconf 88' lang='grc' dir='ltr'>Ε.</span> <span class='ocrx_word' id='word_1_266' title='bbox 1050 4646 1297 4709; x_wconf 80' lang='lat' dir='ltr'>posuisset</span> <span class='ocrx_word' id='word_1_267' title='bbox 1331 4660 1385 4696; x_wconf 81' lang='lat' dir='ltr'>se</span> <span class='ocrx_word' id='word_1_268' title='bbox 1418 4647 1486 4697; x_wconf 88' lang='lat' dir='ltr'>in.</span> <span class='ocrx_word' id='word_1_269' title='bbox 1864 4642 1921 4707; x_wconf 80' lang='lat'>(²)</span> <span class='ocrx_word' id='word_1_270' title='bbox 1956 4648 2061 4706; x_wconf 84' lang='lat'>11⁷,</span> <span class='ocrx_word' id='word_1_271' title='bbox 2098 4646 2390 4709; x_wconf 79' lang='lat' dir='ltr'>providens.</span> 
     </span>
    </p>
   </div>
  </div>
 </body>
</html>
