3704 5559
857 455 998 520 408
1577 461 1986 516 COMENTUM
2036 462 2473 515 PURGATonu

855 613 1055 686 ciunt
1105 618 1358 686 contra
1394 610 1762 703 invidiam,
1799 609 1974 702 quia
2012 608 2426 682 misericors
2461 607 2905 700 compatitur
2939 607 3194 681 alienae

855 731 1202 824 miseriae3
1256 730 1541 804 invidus
1593 749 1772 802 vero
1837 729 2153 819 laetatur.
2220 728 2305 800 Et
2366 727 2568 824 ponit
2627 727 2848 801 aliam
2910 748 3189 821 vocem,

851 851 1132 926 dicens:
1187 873 1223 923 e
1271 853 1441 941 yodi
1490 857 1559 924 lu
1610 851 1730 921 clae
1779 850 2005 939 vinci5
2057 853 2133 920 et
2182 847 2317 920 suit
2377 848 2600 921 etiam
2668 853 3042 921 cantatum
3073 842 3190 940 (¹):

853 983 932 1049 tu
985 972 1110 1066 qui
1164 970 1388 1044 vincis
1436 969 1695 1043 vitium
1731 967 2019 1043 invidiae
2055 969 2329 1062 laetare,
2366 968 2539 1062 quia
2574 974 2649 1042 et
2684 989 2817 1041 nos
2852 970 3188 1041 laetamur

853 1099 1123 1183 tecum,
1177 1109 1314 1162 nec
1365 1088 1773 1161 invidemus
1827 1108 2117 1183 magnae
2168 1088 2483 1162 felicitati
2537 1094 2707 1161 tuae.

1000 1216 1100 1281 Lo
1152 1212 1289 1281 mio
1342 1215 1665 1280 maestro.
1720 1207 1862 1281 Ista
1914 1213 2025 1280 est
2074 1207 2395 1280 secunda
2461 1228 2630 1302 pars
2694 1208 3056 1302 generalis
3118 1207 3191 1281 in

856 1354 1002 1426 qua
1054 1335 1266 1424 poeta
1317 1327 1658 1402 describit
1710 1326 2275 1401 declarationem
2339 1328 2557 1400 unius
2620 1327 2788 1402 dicti
2849 1329 3060 1423 positi
3120 1328 3193 1401 in

854 1451 1170 1546 capitulo
1221 1448 1682 1543 praecedenti,
1738 1447 1935 1541 quod
1996 1446 2381 1521 videbatur
2447 1468 2594 1520 non
2643 1447 2834 1523 bene
2885 1448 3189 1522 clarum.

854 1574 940 1645 Et
989 1571 1228 1666 primo
1279 1569 1590 1642 ostendit
1641 1568 2013 1662 quomodo
2059 1575 2133 1641 et
2168 1588 2403 1660 quare
2442 1567 2778 1662 petiverit
2816 1591 2861 1643 a
2900 1569 3194 1666 Virgilio

852 1691 944 1767 de
995 1710 1131 1763 suo
1181 1688 1429 1781 dubio,
1463 1688 1708 1763 dicens
1743 1709 1916 1762 cum
1959 1686 2540 1762 continuatione:
2578 1692 2678 1760 Lo
2712 1691 2850 1760 mio
2884 1696 3187 1762 maescro

851 1815 1017 1885 etio
1051 1812 1411 1882 andavam
1441 1830 1629 1901 susa,
1660 1829 1794 1903 per
1847 1809 2141 1901 scalam,
2177 1810 2310 1879 soli
2348 1809 2706 1898 ambedue,
2737 1808 2909 1901 quia
2952 1810 3197 1882 nullus

850 1931 1145 2026 spiritus
1197 1936 1556 2025 purgatus
1607 1928 1940 2004 exiverat
1991 1928 2211 2000 simul
2253 1947 2504 2001 secum
2549 1928 2641 2001 de
2682 1928 2959 2002 circulo
3011 1929 3196 2003 invi-

852 2051 1161 2142 dorum;
1213 2055 1280 2119 et
1323 2052 1395 2121 io
1437 2069 1759 2139 pensava
1817 2050 2173 2138 acquistar
2220 2049 2479 2139 prode,
2514 2047 2718 2141 idest,
2766 2048 3011 2122 facere
3058 2048 3195 2121 ali-

856 2190 1078 2263 quem
1132 2168 1566 2262 prosectum,
1625 2173 1705 2239 ut
1765 2173 2055 2261 tempus
2115 2166 2365 2239 utilius
2428 2167 2990 2262 expenderetur,
3063 2188 3194 2240 αη-

855 2291 1122 2377 dando,
1163 2307 1295 2382 per
1347 2287 1541 2360 illam
1594 2288 1890 2379 scalam,
1942 2289 2117 2359 nelle
2149 2289 2403 2378 parole
2434 2308 2552 2359 sue
2569 2313 2600 2379 ,·
2636 2287 2825 2360 sicut
2862 2287 3032 2361 facit
3065 2308 3193 2383 per

856 2427 1114 2482 omnes
1164 2408 1395 2481 scalas
1446 2406 1650 2481 istius
1700 2406 2123 2502 purgatorii.
2172 2406 2341 2480 Ideo
2391 2406 2598 2480 dicit:
2652 2427 2689 2478 e
2740 2410 3114 2480 drizza’mi
3145 2428 3194 2478 a

857 2531 955 2602 lui
999 2520 1058 2599 εὶ
1108 2528 1618 2616 dimandandO,
1669 2528 1788 2598 che
1838 2529 2014 2599 volle
2076 2528 2193 2598 dir
2260 2529 2329 2598 lo
2395 2530 2616 2618 spirlo
2668 2529 2743 2599 di
2794 2533 3190 2618 Romayna,

856 2647 1146 2740 scilicet,
1188 2646 1529 2719 dominus
1564 2646 1799 2719 Guido
1850 2645 1966 2719 del
2004 2646 2207 2719 Duca
2247 2646 2340 2719 de
2386 2646 2838 2740 Bretenorio‚
2875 2669 2912 2719 e
2946 2650 3193 2720 divieto

856 2791 893 2840 e
941 2775 1265 2841 consor-to
1315 2769 1855 2858 menzionandO,
1917 2766 2206 2860 scilicet,
2262 2766 2555 2860 quando
2620 2767 2693 2840 in
2761 2768 3197 2863 praecedenti

853 2887 1170 2982 capitulo
1198 2887 1616 2961 exclamans
1650 2894 1906 2961 contra
1940 2893 2238 2982 gentem
2281 2887 2712 2980 humanam,
2740 2887 2953 2961 dixit:
2990 2883 3203 2962 dov'd

853 3013 1125 3082 mes-tier
1160 3010 1235 3080 di
1266 3016 1592 3080 consorto
1643 3010 1919 3097 divietO,
1956 3007 2248 3100 scilicet,
2293 3008 2489 3080 circa
2539 3009 2992 3102 temporalia,
3032 3030 3199 3103 quae

854 3149 1000 3201 non
1051 3132 1353 3222 possunt
1403 3126 1618 3199 simul
1673 3132 1747 3199 et
1795 3127 2024 3199 semel
2076 3126 2170 3200 ab
2220 3126 2562 3199 omnibus
2612 3127 2977 3221 possideri,
3043 3128 3193 3201 imo

853 3246 1164 3339 expedit,
1217 3245 1414 3338 quod
1476 3266 1645 3337 quae
1696 3244 2157 3339 possidentur
2207 3246 2301 3320 ab
2371 3268 2519 3319 uno
2572 3247 2713 3320 sint
2764 3248 3195 3342 impossessa

853 3367 948 3439 ab
998 3365 1142 3438 alio
1194 3369 1268 3437 et
1317 3364 1539 3438 vetita
1590 3363 1764 3457 sibi3
1818 3364 2031 3438 cuius
2068 3367 2520 3439 contrarium
2555 3368 2814 3442 accidit
2864 3368 2937 3441 in
2987 3367 3198 3463 spiri-

858 3483 1197 3558 tualibus,
1227 3486 1585 3556 —Percla’
1600 3487 1751 3557 ello.
1790 3485 1922 3559 Hic
1955 3492 2170 3579 poeta
2207 3487 2408 3580 ponit
2446 3487 2994 3581 responsionem
3034 3487 3198 3561 Vir-

855 3603 1004 3700 gilii
1055 3603 1145 3676 ad
1199 3603 1613 3697 quaesitum,
1667 3604 1794 3696 qui
1844 3605 2016 3678 dicit
2066 3605 2388 3680 breviter
2448 3607 2643 3700 quod
2706 3607 2826 3683 ille
2877 3608 3015 3681 sub
3065 3607 3199 3681 illis

855 3724 1097 3798 verbis
1151 3723 1382 3819 tetigit
1413 3714 1484 3815 (²)
1526 3724 1783 3797 vitium
1823 3746 1972 3818 quo
2014 3725 2255 3800 fuerat
2292 3727 2616 3801 maxime
2650 3727 2997 3801 infectus:
3035 3728 3197 3801 ideo

858 3865 947 3919 ex
1003 3843 1306 3918 caritate
1357 3843 1716 3939 increpuit
1749 3865 1985 3941 genus
2028 3844 2464 3939 humanum,
2512 3852 2593 3918 ut
2634 3847 2901 3920 vitaret
2941 3846 3197 3920 vitium

859 3984 992 4057 pro
1044 3984 1194 4057 quo
1246 3984 1442 4038 nunc
1492 3963 1826 4058 portabat
1881 3971 2026 4037 tam
2081 3985 2416 4040 amaram
2452 3985 2777 4060 poenam,
2827 3967 3000 4060 quia
3049 3965 3202 4061 pri-

855 4091 1070 4158 vatus
1104 4095 1264 4160 erat
1290 4084 1511 4158 nobili
1546 4084 1823 4157 visione
1859 4085 2272 4158 oculorum.
2312 4085 2496 4160 Dicit
2549 4107 2768 4182 ergo:
2810 4089 3203 4160 Perclt’ello

855 4225 904 4276 a
954 4225 1086 4293 me,
1138 4205 1417 4297 supple,
1469 4202 1812 4300 Virgilius
1864 4204 2252 4298 respondit,
2308 4211 2384 4279 et
2444 4204 2662 4279 dixit:
2729 4206 2849 4281 ille
2910 4206 3203 4302 spiritus

854 4321 946 4396 de
996 4322 1493 4415 Romandiola,
1544 4343 1833 4395 conosce
1879 4326 1936 4395 il
1981 4326 2249 4417 dannO,
2302 4324 2507 4419 idest,
2560 4347 2881 4420 poenam,
2936 4329 3011 4400 di
3072 4348 3204 4399 sua

982 4569 1035 4630 (¹)
1068 4569 1130 4619 B.
1162 4567 1436 4620 mileum·
1967 4573 2021 4636 (‘)
2055 4574 2117 4625 E.
2149 4576 2316 4640 tetigit
2346 4590 2511 4626 unum
2543 4578 2742 4628 vitium.
