3704 5559
1418 523 1693 578 CANTUs
1742 523 2001 578 NoNUs.
2741 513 2880 577 259

533 678 735 746 ceret
767 663 840 763 (¹)
894 670 966 743 in
1019 670 1247 744 otiosa
1304 669 1628 743 umbra?
1678 669 1810 743 Cui
1864 669 2175 743 Achilles
2242 668 2629 764 respondit,
2685 670 2883 764 quod

532 812 713 865 suus
766 790 957 865 ensis
1009 797 1397 865 excusaret
1459 790 1708 862 sallum
1766 789 2067 862 matris:
2122 795 2196 863 et
2249 788 2498 884 petivit
2547 789 2880 884 Ulyxem,

533 910 728 1005 quod
765 910 897 984 sibi
935 916 1274 983 narraret
1323 908 1669 1004 principia
1704 916 1779 982 et
1802 909 2040 1003 justas
2075 928 2335 982 causas
2378 908 2655 982 irarum
2702 929 2881 983 con-

487 1029 643 1104 'tra
692 1030 1006 1103 Troiam.
1062 1030 1328 1126 Ulyxes
1379 1028 1706 1103 narravit
1758 1028 1856 1101 illi
1912 1029 2213 1122 raptum
2241 1028 2558 1123 Helenae,
2593 1035 2666 1103 et
2700 1028 2880 1102 dixit

532 1160 693 1244 post
742 1150 1021 1224 multa:
1075 1149 1248 1243 quid
1299 1169 1560 1245 ageres
1611 1148 1667 1221 si
1721 1145 1983 1241 aliquis
2018 1146 2156 1222 iret
2205 1168 2399 1222 nunc
2442 1147 2533 1221 ad
2587 1149 2880 1243 rapien-

530 1270 696 1344 dam
733 1262 805 1362 (²)
855 1270 1330 1363 Deidamiam,
1385 1276 1459 1344 et
1520 1275 1931 1364 asportaret
1982 1289 2025 1341 a
2077 1269 2310 1364 patria
2363 1268 2555 1343 illam
2609 1271 2879 1344 attoni-

532 1396 678 1463 tam
733 1397 808 1464 et
860 1391 1300 1463 clamantem
1356 1410 1625 1463 nomen
1663 1388 1911 1485 magni
1949 1387 2288 1462 Achillis?
2322 1388 2525 1463 Tunc
2564 1389 2876 1465 Achilles

532 1510 822 1585 reduxit
874 1531 1179 1584 manum
1233 1509 1323 1582 ad
1376 1510 1747 1604 capulum,
1786 1515 1861 1583 et
1902 1529 2214 1606 magnus
2266 1509 2497 1583 rubor
2547 1512 2879 1586 accendit

531 1629 790 1705 faciem
827 1630 1004 1703 eius.
1034 1630 1302 1725 Ulyxes
1337 1635 1724 1703 contentus
1767 1629 1875 1701 his
1914 1629 2158 1703 tacuit.
2198 1629 2285 1702 Et
2320 1629 2666 1704 continuo
2702 1631 2875 1705 Dio-

531 1750 781 1824 medes
831 1750 1050 1845 coepit
1100 1757 1352 1845 petere
1403 1749 1758 1842 Achillem,
1795 1747 1888 1822 de
1922 1748 2081 1822 eius
2128 1748 2496 1821 nutritura
2532 1749 2669 1823 sub
2704 1750 2875 1824 Chi·-

531 1889 756 1964 rone;
808 1876 882 1944 et
943 1870 1045 1944 sic
1111 1868 1660 1943 confabulantes
1728 1874 2095 1941 venerunt
2157 1867 2248 1942 ad
2318 1888 2689 1964 campum,
2746 1870 2873 1944 ubi

530 1990 692 2064 fecit
743 1990 862 2064 illa
913 1990 1245 2064 miranda
1297 2009 1466 2083 quae
1517 1988 1764 2062 scribit
1807 1988 2173 2061 Homerus
2210 1987 2281 2061 in
2316 2010 2450 2063 sua
2501 1989 2740 2065 Iliade.
2785 1991 2877 2064 Et

528 2108 644 2183 bic
696 2117 889 2204 nota,
940 2110 1191 2203 lector,
1247 2109 1443 2203 quod
1497 2109 1681 2182 solet
1731 2128 1925 2201 saepe
1977 2107 2261 2182 moveri
2313 2108 2646 2204 dubium,
2685 2133 2874 2205 qua-

526 2228 708 2304 liter¹
738 2237 849 2305 est
899 2230 1255 2326 possibile,
1310 2228 1505 2323 quod
1541 2228 1869 2324 Pyrrhus
1919 2226 2108 2301 filius
2157 2227 2448 2302 Achillis
2510 2237 2725 2304 natus
2776 2252 2872 2306 ex

526 2348 901 2430 Deidamia
954 2349 1238 2423 venerit
1272 2348 1363 2421 ad
1399 2347 1687 2421 Troiam
1728 2354 1886 2443 post
1926 2358 2239 2423 mortem
2280 2349 2503 2443 patris
2556 2350 2646 2423 ad
2682 2351 2870 2426 bella

524 2468 902 2564 gerenda?
952 2468 1078 2543 sed
1131 2476 1333 2543 certe
1387 2468 1488 2542 sic
1537 2467 1952 2541 dubitantes
1991 2451 2135 2541 non
2179 2468 2639 2543 considerant
2674 2470 2873 2562 quod

524 2597 916 2684 apparatus
969 2590 1147 2664 tanti
1200 2590 1363 2663 belli
1421 2608 1565 2661 non
1615 2588 1849 2683 potuit
1901 2587 2057 2663 fieri
2112 2588 2183 2660 in
2249 2588 2455 2662 brevi
2513 2595 2869 2684 tempore.

523 2709 727 2784 Unde
776 2709 997 2786 debes
1049 2709 1236 2785 scire
1287 2708 1485 2804 quod
1522 2715 1857 2804 tempore
1899 2709 2153 2783 mortis
2197 2708 2545 2804 HectoriS,
2598 2709 2871 2784 Helena

515 2833 1024 2928 jam.steterat
1074 2831 1148 2904 in
1197 2831 1411 2905 Troia
1465 2851 1597 2924 per
1650 2830 1965 2925 spatium
2028 2830 2280 2927 viginti
2340 2851 2733 2924 annorum,
2788 2836 2875 2903 ut

525 2951 771 3025 scribit
822 2951 1186 3025 Homerus
1238 2950 1463 3023 XXIII
1514 2949 1790 3022 Iliados,
1846 2950 1953 3022 Ex
2006 2950 2211 3024 dictis
2263 2950 2484 3023 etiam
2530 2970 2872 3025 remove-

524 3078 647 3173 tur
696 3071 892 3146 aliud
943 3071 1275 3164 dubium,
1330 3071 1684 3164 videlicet,
1721 3069 1888 3164 quis
1939 3071 2157 3144 fuerit
2202 3070 2631 3146 laudabilior
2661 3062 2734 3164 (³)
2773 3091 2885 3145 an=

522 3191 815 3285 Hector,
865 3213 961 3264 an
1011 3190 1375 3265 Achilles?
1435 3190 1671 3264 Certe·
1720 3212 1865 3265 non
1926 3192 2162 3264 solum
2235 3193 2603 3266 Homerus
2679 3210 2872 3287 grae-

524 3332 677 3406 cuS,
720 3311 845 3386 sed
887 3310 1251 3407 Virgilius,
1297 3310 1566 3384 Statius
1614 3317 1688 3385 et
1723 3311 1966 3385 caeteri
2017 3317 2250 3406 poetae
2286 3312 2486 3385 latini
2531 3312 2871 3386 videntur

524 3432 874 3526 praeserre
922 3430 1300 3525 Achillem,
1337 3431 1461 3524 qui
1489 3431 1583 3503 ,in
1635 3432 2070 3506 strenuitate
2112 3453 2501 3507 armorum
2555 3432 2690 3506 suit
2741 3454 2871 3506 su-

528 3551 812 3646 perior3
888 3557 961 3625 et
1038 3551 1177 3624 alia
1255 3552 1487 3624 multa
1556 3550 2075 3625 adscribuntur
2137 3553 2293 3648 sibi,
2363 3575 2531 3647 quae
2600 3554 2869 3629 Chiron

529 3671 876 3767 magister
925 3680 1107 3744 suus
1166 3670 1414 3744 docuit
1465 3671 1697 3765 illum,
1751 3671 1876 3764 qui
1930 3673 2133 3746 novit
2173 3674 2490 3769 pulsare,
2544 3683 2865 3771 cantare,

524 3796 601 3864 et
668 3789 1150 3865 medicamina
1225 3790 1654 3884 herbarum,
1720 3791 1997 3866 nobiles
2067 3813 2333 3887 moreS,
2381 3794 2740 3888 justitiam
2793 3803 2868 3870 et

523 3910 825 3984 modum
905 3910 1239 4008 regendi,
1303 3918 1384 3984 ut
1458 3910 1705 3985 scribit
1765 3910 2059 3984 Statius
2123 3912 2333 3986 Nunc
2400 3919 2510 3987 est
2575 3919 2868 4009 tempus

528 4032 863 4108 veniendi
914 4033 1004 4107 ad
1058 4032 1371 4126 literam,
1414 4052 1582 4125 quae
1636 4031 1785 4105 istis
1820 4032 1991 4105 visis
2028 4038 2362 4107 remanet
2398 4033 2610 4109 valde
2643 4036 2864 4109 clara.

521 4151 708 4227 Dicit
754 4172 975 4248 ergo:
1029 4154 1289 4226 Achille
1337 4173 1480 4224 non
1531 4154 1932 4243 altrimenti,
1986 4151 2190 4247 idest,
2243 4152 2593 4249 similiter,
2644 4157 2708 4228 si
2762 4159 2869 4230 ri-

520 4293 771 4366 scossc,
824 4273 1094 4349 scilicet
1158 4294 1204 4347 a
1273 4293 1559 4367 somno,
1610 4279 1685 4347 et
1745 4272 2115 4370 evigilavit
2154 4262 2257 4369 (ι),
2305 4277 2407 4367 qli
2463 4278 2655 4350 occlti
2709 4299 2869 4352 sve-

519 4396 730 4486 yliah'·
763 4397 1174 4486 rivolyendo
1222 4397 1296 4467 in
1346 4396 1534 4486 qim,
1590 4398 1668 4467 ut
1714 4394 1976 4468 audisti
2030 4397 2242 4490 plene
2292 4395 2365 4469 in
2419 4405 2713 4485 narrata
2756 4400 2868 4474 bi-

643 4587 700 4649 (¹)
732 4591 841 4645 11⁷,
869 4592 1120 4638 moueret.
1745 4586 1800 4649 (')
1831 4586 1883 4637 S.
1918 4587 2238 4651 rapiendum.

641 4659 696 4726 (θ)
727 4661 780 4713 S.
810 4662 1035 4715 nobilior
1065 4676 1131 4715 an
1162 4662 1381 4715 Hector.
1743 4663 1800 4727 (⁸)
1831 4664 1893 4714 E.
1926 4670 1980 4715 et
2010 4665 2255 4730 vigilavit.
