3704 5559
1152 513 1427 566 CANTUS
1479 514 1792 568 DECIMUS
1843 514 2211 568 SEPTIMUS.
2710 505 2844 569 471

512 669 724 735 erant
773 656 1106 753 imperio,
1155 663 1330 729 tunc
1382 663 1542 730 erat
1594 657 1859 731 invidia
1897 677 2185 753 magna.
2224 657 2481 731 Nonne
2516 659 2689 731 satis
2725 679 2860 731 no-

510 786 659 853 stra
714 779 907 852 mala
962 798 1094 850 nos
1144 784 1492 872 premunt
1543 777 1676 850 nisi
1737 778 1975 852 aliena
2038 799 2169 851 nos
2227 778 2610 852 crucient?
2668 781 2860 853 anti-

514 922 747 994 quum
799 898 1275 994 proverbium
1329 904 1476 971 est:
1544 898 1807 972 invidia
1873 899 2060 993 lippa
2127 905 2235 972 est
2266 892 2339 991 (¹)
2401 900 2656 993 oculiS,
2710 920 2856 973 non

516 1021 741 1113 videt3
795 1019 990 1092 unde
1040 1017 1366 1091 vicinitas
1418 1023 1490 1090 et
1538 1018 1981 1112 prosperitas
2041 1024 2382 1112 parentes
2441 1025 2609 1091 sunt
2671 1019 2857 1093 invi-

517 1138 674 1212 diae.
727 1138 913 1227 Quid
974 1159 1154 1233 ergo
1206 1138 1480 1210 tristius
1533 1137 1823 1231 invidia,
1879 1159 2046 1233 quae
2112 1140 2281 1213 solis
2360 1140 2572 1213 malis
2630 1140 2865 1234 pasci-

521 1265 642 1331 tur
695 1266 769 1333 et
827 1265 1217 1353 torquetur
1284 1258 1551 1331 bonis?
1619 1266 1692 1332 et
1761 1258 1959 1352 quod
2017 1259 2174 1333 aliis
2244 1266 2445 1355 optat
2512 1262 2667 1355 jam
2728 1261 2859 1334 sibi

520 1380 739 1453 habet
792 1381 1095 1453 malum.
1150 1379 1342 1475 Ergo
1395 1380 1584 1452 bene
1633 1385 1707 1452 et
1764 1381 2064 1476 egregie
2113 1381 2524 1455 Alexander
2565 1381 2862 1455 Macedo

517 1499 802 1574 dicebat
861 1500 1141 1573 invidos
1213 1499 1307 1571 nil
1364 1499 1563 1573 aliud
1630 1520 1791 1574 esse
1860 1522 2085 1594 quam
2157 1507 2520 1575 tormenta
2584 1502 2719 1574 sui.
2773 1501 2860 1574 Et

518 1627 721 1695 certe
797 1621 1107 1695 verbum
1177 1640 1409 1716 grave
1484 1626 1643 1694 erat
1710 1620 1889 1694 levis
1946 1621 2260 1715 juvenis.
2294 1662 2392 1674 —
2434 1627 2523 1693 Ec
2591 1619 2646 1695 ὁ.
2728 1622 2856 1695 Hic

518 1740 858 1835 Virgilius
910 1740 1138 1836 tangit
1190 1740 1490 1813 tertium
1541 1740 1844 1814 modum
1888 1743 2061 1814 mali
2122 1742 2394 1815 amoris
2429 1764 2473 1816 a
2524 1762 2675 1834 quo
2727 1762 2858 1815 na-

519 1858 745 1932 scitur
804 1859 962 1933 ira:
1044 1859 1440 1933 iracundus
1510 1860 1703 1933 enim
1768 1861 2039 1954 appetit
2103 1861 2493 1935 vindictam
2546 1861 2639 1935 de
2690 1882 2859 1955 par-

516 1980 950 2074 vipendente
1027 1999 1228 2071 eum,
1305 2000 1478 2053 cum
1560 1980 1779 2053 homo
1859 1981 2293 2055 naturaliter
2367 1982 2459 2054 sit
2527 1980 2869 2076 appetiti—

515 2121 652 2175 vus
672 2093 743 2191 (¹)
800 2100 1114 2172 honoris.
1153 2099 1334 2172 Dicit
1385 2120 1601 2195 ergo:
1641 2106 1728 2171 Ec
1758 2097 1819 2192 ὁ,
1858 2101 2151 2195 scilicet,
2188 2101 2451 2195 aliquis
2500 2101 2708 2193 alius,
2751 2103 2861 2173 clei

511 2241 661 2313 par
710 2223 812 2293 clz’
841 2222 1106 2310 adonti,
1158 2219 1362 2311 idest,
1410 2219 1708 2314 recipiat
1758 2220 2307 2313 contumeliam,
2345 2242 2476 2313 per
2524 2222 2862 2310 inyivuria,

523 2341 788 2415 factam
840 2339 935 2412 ab
985 2339 1151 2432 alio,
1203 2331 1264 2410 εὶ
1314 2340 1434 2411 che
1496 2341 1559 2411 si
1609 2343 1693 2433 sa
1744 2342 1928 2412 della
1982 2342 2294 2412 vendetta
2342 2342 2628 2430 yhiottO,
2681 2338 2864 2412 idest

521 2460 779 2533 avidus
830 2461 1175 2553 multum,
1212 2481 1248 2531 e
1291 2462 1394 2532 tal
1433 2479 1696 2531 conven
1745 2462 1864 2532 che
1913 2463 1968 2532 il
2016 2464 2196 2533 male
2247 2463 2460 2532 allrui
2506 2462 2866 2552 impronti,

523 2580 812 2673 scilicet,
848 2577 1418 2653 destructionem
1457 2579 1792 2673 proximi.
1823 2579 1911 2651 Et
1945 2580 2062 2653 bic
2097 2585 2267 2653 nota
2300 2579 2499 2672 quod
2543 2580 2699 2652 haec
2733 2598 2864 2673 pe-

524 2699 649 2772 stis
699 2698 1036 2792 quamvis
1086 2698 1415 2772 destruat
1469 2705 1540 2773 et
1590 2698 1872 2773 cruciet
1921 2700 2124 2792 alioS,
2171 2706 2418 2773 tamen
2468 2718 2661 2793 saepe
2697 2718 2867 2793 pos—

525 2839 884 2893 sessorem
936 2840 1194 2912 suum,
1244 2821 1437 2894 unde
1469 2811 1540 2912 (³)
1581 2821 1748 2895 licet
1781 2820 2148 2894 Homerus
2181 2820 2443 2893 dixerit
2487 2820 2672 2893 iram
2709 2841 2872 2894 esse

524 2936 927 3012 dulciorem
982 2940 1198 3013 melle
1246 2940 1658 3033 distillante,
1695 2939 1871 3012 nihil
1912 2946 2161 3013 tamen
2204 2939 2494 3012 videtur
2538 2940 2867 3013 amarius

525 3056 654 3129 ira.
711 3056 911 3130 Unde
947 3057 1207 3131 Caelius
1258 3065 1552 3132 senator
1606 3079 1961 3133 romanus
1996 3058 2594 3132 iracundissimus
2630 3059 2870 3133 homi—

525 3198 704 3250 num
758 3179 1179 3251 exclamans
1231 3184 1485 3253 contra
1537 3179 1973 3254 familiarem
2028 3201 2272 3274 suum,
2327 3179 2453 3274 qui
2507 3180 2579 3252 in
2630 3179 2868 3252 omni-

524 3297 663 3370 bus
713 3297 847 3370 sibi
899 3298 1416 3391 consentiebat,
1469 3299 1648 3372 dixit
1701 3299 2059 3374 irascens:
2113 3298 2226 3372 dic
2285 3297 2559 3392 aliquid
2612 3304 2867 3372 contra

529 3424 611 3490 ut
660 3417 889 3491 simus
938 3418 1129 3493 duo:
1172 3418 1273 3492 sic
1306 3439 1529 3493 omne
1564 3421 1957 3493 verbulum
1997 3419 2358 3493 trahimus
2392 3419 2484 3492 ad
2528 3419 2870 3493 iniuriam

527 3537 947 3632 capitalem3
1001 3559 1137 3613 nec
1190 3545 1300 3612 est
1352 3544 1550 3611 tanta
1588 3539 1863 3613 offensa
1901 3546 2175 3633 quanta
2214 3544 2321 3613 est
2357 3538 2699 3632 superbia
2739 3558 2869 3610 no-

527 3662 698 3731 stra.
736 3659 1279 3733 Nobilissimum
1321 3679 1503 3754 ergo
1536 3678 1771 3754 genus
1813 3659 2145 3733 vindictae
2181 3663 2289 3731 est
2336 3678 2663 3752 parcere.
2701 3658 2870 3731 Ideo

527 3777 719 3851 bene
769 3779 1253 3852 nobilissimus
1288 3786 1540 3852 orator
1577 3779 1830 3852 tribuit
1864 3778 1954 3852 ad
1994 3798 2367 3851 summam
2402 3778 2695 3851 laudem
2736 3797 2872 3851 no—

528 3898 877 3971 bilissimo
927 3898 1117 3992 duci,
1170 3900 1366 3991 quod
1430 3899 1602 3972 nihil
1665 3901 1935 3973 soleret
1985 3899 2119 3972 nisi
2172 3897 2470 3971 iniurias
2523 3896 2869 3971 oblivisci.

528 4018 887 4092 Adrianus
942 4039 1118 4092 vero
1172 4019 1404 4092 factus
1458 4020 1859 4114 imperator
1895 4018 2021 4092 uni
2063 4037 2287 4111 quem
2341 4016 2703 4089 habuerat
2745 4036 2869 4089 ca-

530 4137 822 4233 pitalem
859 4140 1233 4215 inimicum
1272 4140 1482 4214 dixit:
1521 4139 1832 4215 evasisti.
1863 4140 2053 4213 Vere
2086 4139 2396 4213 verbum
2435 4138 2675 4212 nobile
2709 4159 2871 4212 ma-

530 4257 880 4353 gnificum
946 4266 1019 4332 et
1080 4281 1507 4335 caesareum.
1577 4262 1664 4333 Et
1727 4258 2092 4333 concludit
2162 4258 2353 4331 istud
2424 4258 2874 4351 membrum,

532 4378 812 4453 dicens:
851 4385 1082 4469 questo
1117 4384 1433 4473 tm'sorme
1468 4401 1702 4471 amor,
1738 4381 1944 4474 idest,
1982 4380 2115 4454 iste
2153 4378 2413 4473 triplex
2449 4399 2663 4452 amor
2702 4378 2869 4453 mali

579 4587 582 4590 ‡
656 4564 713 4625 (¹)
746 4563 806 4612 E.
841 4563 978 4627 lippa
1011 4569 1106 4622 est,
1141 4579 1244 4618 non
1278 4567 1430 4617 videt.
1455 4593 1511 4601 —
1535 4570 1642 4624 117,
1678 4566 1814 4630 lippa
1847 4571 1926 4616 est
1957 4568 2138 4627 oculis»,
2172 4567 2452 4631 longinqua
2485 4580 2590 4616 non
2622 4566 2772 4616 videt.

656 4641 711 4704 (¹)
747 4644 855 4701 117,
889 4642 1157 4692 amativus.
1802 4641 1858 4704 (⁸)
1891 4643 1952 4692 E.
1987 4643 2126 4693 unde
2158 4657 2292 4706 sape
2325 4642 2463 4693 licet.
