3704 5559
827 458 964 522 104
1537 465 1944 520 COMENTUM
1995 465 2435 519 PURGA'ronn

822 618 1077 685 contra
1128 612 1366 707 legem
1420 616 1728 703 natum,
1773 617 1846 684 et
1896 609 2145 684 omnia
2169 610 2345 703 jura
2386 611 2711 683 humana
2764 615 2838 683 et
2870 610 3160 705 divina3

824 755 972 807 non
1024 752 1313 805 memor
1364 731 1960 825 persecutionum
1990 724 2062 822 (¹)
2118 730 2340 824 patris
2392 731 2552 804 eius
2602 731 2890 805 Henrici
2932 739 3005 805 et
3046 731 3165 806 avi

824 854 983 928 eius
1032 851 1354 926 Federici
1406 851 1454 923 1.
1509 851 1625 925 Sic
1677 872 1858 948 ergo
1897 832 2160 925 ¹videre
2211 858 2439 946 poteS‚
2476 872 2711 944 quare
2753 852 3167 926 Mansredus

663 1052 689 1067 ‚
825 975 942 1049 hic
992 973 1304 1047 subticet
1356 993 1623 1046 nomen
1675 973 1921 1067 patri5‚
1960 973 2086 1066 qui
2139 972 2273 1046 suit
2314 993 2606 1067 semper
2643 973 3015 1068 flagellum
3050 994 3170 1047 ec-

824 1094 1085 1187 clesiae,
1139 1101 1214 1168 et
1263 1093 1416 1187 ipse
1467 1092 1973 1166 reconciliatus
2039 1098 2147 1166 est
2199 1093 2351 1166 Deo
2420 1093 2494 1165 in
2560 1099 2820 1186 morte,
2875 1101 2949 1167 et
3000 1093 3172 1186 quia

828 1213 963 1287 fuit
1016 1214 1366 1288 naturalis
1424 1213 1636 1307 filius,
1709 1220 1782 1287 et
1844 1213 2018 1308 quia
2083 1214 2216 1287 fuit
2275 1214 2607 1288 conscius
2669 1215 2926 1288 mortis
2987 1216 3167 1289 eius.

827 1334 1039 1409 Nunc
1089 1334 1182 1407 ad
1233 1334 1561 1428 literam3
1616 1334 1784 1407 dicit
1835 1340 2051 1429 poeta
2096 1335 2293 1428 quod
2345 1335 2509 1409 ille:
2550 1339 2681 1428 poi
2725 1338 3170 1427 sorr-ideam,

830 1455 1004 1548 quia
1052 1454 1298 1528 salvus
1350 1460 1531 1548 erat,
1570 1454 1765 1548 quod
1807 1455 2075 1528 Dantes
2112 1476 2257 1528 non
2293 1455 2620 1550 putabat,
2658 1459 2840 1529 disse
2865 1481 2888 1527 .·
2920 1459 2990 1528 io
3040 1477 3170 1529 son

828 1576 1190 1668 Mansredi
1236 1582 1477 1666 nepote
1510 1577 1585 1647 di
1630 1578 2006 1647 Coslanzia
2044 1577 2526 1668 imperatricffl
2567 1576 2806 1671 potius
2840 1576 3172 1650 denomi-

830 1700 955 1768 nat
985 1685 1056 1786 (²)
1096 1714 1176 1767 se
1214 1694 1310 1768 ab
1352 1694 1486 1768 ista
1523 1702 1773 1770 sancta
1808 1694 2131 1789 foemina‚
2171 1717 2397 1788 quam
2433 1718 2478 1770 a
2513 1703 2723 1790 patre
2764 1704 3170 1790 peccatore.

828 1814 916 1886 Et
965 1813 1133 1887 facit
1182 1813 1594 1887 Mansredus
1645 1813 1832 1887 sicut
1884 1815 2153 1907 muluS,
2193 1816 2318 1909 qui
2352 1816 2848 1912 interrogatus
2881 1837 2926 1890 a
2962 1817 3176 1891 leone

830 1933 1041 2007 cuius
1068 1933 1256 2006 filius
1292 1940 1503 2028 esset,
1540 1934 1863 2008 dicebat:
1901 1956 2066 2008 sum
2106 1956 2329 2030 nepos
2364 1937 2559 2031 equi,
2596 1958 2768 2011 cum
2806 1937 2958 2031 ipse
2985 1944 3177 2011 esset

832 2052 1024 2126 filius
1072 2052 1276 2126 asini.
1330 2053 1579 2126 Simile
1629 2060 1739 2127 est
1789 2055 1880 2148 ei,
1925 2056 2122 2147 quod
2174 2056 2420 2129 scribit
2470 2057 2742 2131 Statius
2781 2057 2840 2129 lI
2890 2057 3176 2132 Maioris

834 2172 927 2247 de
978 2172 1342 2266 Polynice,
1398 2173 1521 2265 qui
1577 2174 2068 2270 interrogatus
2127 2176 2222 2249 ab
2272 2176 2578 2251 Adrasto
2639 2196 2816 2272 rege
2883 2178 3177 2273 argivo-

833 2313 1030 2385 rum,
1099 2291 1393 2365 nolebat
1449 2294 1835 2387 propalare
1899 2315 2169 2369 nomen
2228 2295 2451 2390 patris
2519 2295 2634 2368 sui
2708 2295 2983 2390 OEdipi‚
3050 2295 3176 2390 qui

834 2411 1123 2485 infamis
1171 2418 1534 2507 genuerat
1584 2433 1758 2486 eum
1814 2435 1907 2488 ex
1950 2422 2188 2489 matre
2223 2416 2534 2509 propria.
2575 2414 2778 2489 Unde
2818 2415 2987 2489 dicit
3030 2414 3172 2486 ibi:

834 2533 962 2604 sed
1018 2551 1209 2602 mens
1266 2532 1397 2603 sibi
1451 2536 1729 2605 conscia
1783 2538 1958 2626 sacti
2012 2538 2385 2608 Cunctatur
2424 2538 2759 2628 proferre
2804 2541 3173 2626 patrem...

832 2657 961 2727 Est
1004 2653 1314 2741 yenurioe
1362 2655 1649 2725 Jocasta
1698 2656 1881 2726 milii.
1938 2655 2053 2729 Sic
2088 2676 2267 2752 ergo
2302 2662 2501 2750 patet
2534 2655 2732 2749 qnod
2765 2654 3178 2728 Mansredus

834 2771 970 2845 fuit
1023 2793 1244 2865 nepos·
1280 2771 1716 2847 Constantiae
1757 2795 1906 2848 non
1948 2774 2137 2849 filius
2174 2776 2288 2850 vel
2323 2775 2723 2872 privignus,
2763 2781 2845 2849 ut
2879 2774 3177 2870 quidam

830 2892 1135 2988 glosant.
1214 2891 1368 2967 Hoc
1442 2893 1655 2987 dicto,
1732 2895 2146 2969 Mansredus
2222 2896 2391 2969 facit
2466 2917 2676 2970 suam
2757 2895 3177 2991 petitionem

834 3012 1071 3105 Danti,
1115 3012 1405 3087 dicens:
1449 3016 1611 3085 ond’
1639 3017 1708 3085 io
1760 3017 1811 3086 ti
1852 3019 2103 3106 prieqo
2143 3018 2262 3088 che
2297 3020 2580 3107 quando
2622 3022 2693 3089 tu
2724 3019 2931 3107 n'edi,
2976 3016 3178 3110 idest,

839 3133 1232 3206 reverteris
1281 3132 1374 3206 ad
1430 3134 1790 3207 mundum
1842 3136 2210 3230 vivorum,
2263 3138 2436 3230 quia
2501 3139 2714 3213 vivus
2763 3157 2865 3230 eS,
2916 3139 3086 3210 vadi
3133 3157 3181 3207 a

833 3255 979 3323 mia
1029 3252 1205 3324 bella
1249 3255 1473 3346 fiqlia,
1525 3253 1659 3327 ista
1711 3254 1844 3327 fuit
1905 3256 2045 3330 alia
2109 3255 2523 3331 Constantia
2558 3248 2629 3350 (³)
2686 3277 2975 3353 magna,
3014 3275 3181 3351 quae

835 3371 970 3444 fuit
1020 3370 1165 3443 fflia
1215 3371 1562 3446 manfredi
1612 3379 1685 3447 et
1737 3395 1928 3447 uxor
1979 3375 2227 3450 domni
2281 3378 2474 3452 Petri
2530 3377 2721 3474 regis
2754 3359 3180 3474 Ara'gonum

838 3489 1342 3584 strenuissimi,
1369 3492 1487 3565 cui
1525 3501 2039 3569 successerunt
2073 3502 2222 3570 tres
2262 3497 2408 3590 filii,
2450 3497 2720 3572 scilicet
2749 3497 3180 3592 AlphonsuS,

836 3610 965 3704 qui
1015 3608 1600 3686 adolescentulus
1653 3620 1993 3689 mortuus
2045 3623 2176 3709 est,
2218 3617 2383 3692 ideo
2433 3639 2578 3692 non
2621 3618 2948 3692 nominat
2982 3639 3181 3713 eum,

840 3728 1195 3803 Iacobum
1248 3737 1323 3804 et
1372 3730 1845 3827 Federicum3
1901 3735 2062 3809 ideo
2115 3736 2327 3811 dicit:
2379 3741 2733 3829 yenimce,
2786 3738 2991 3832 idest,
3030 3760 3187 3813 ma-

840 3854 1057 3943 trem,
1108 3852 1262 3922 dell’
1289 3871 1473 3923 onor
1533 3854 1607 3924 di
1673 3856 1909 3926 Cicilia
1960 3877 1996 3927 e
2058 3859 2132 3929 di
2180 3864 2554 3950 Araqona,
2606 3859 2810 3953 idest,
2864 3860 3186 3934 honora-

838 3969 1094 4045 bilium
1149 3992 1439 4067 regum,
1492 3972 1666 4067 quia
1700 3974 2017 4049 domnus
2050 3977 2440 4054 Federicus
2475 3981 2610 4054 suit
2646 4002 2776 4056 rex
2819 3980 3079 4055 Siciliae
3114 3987 3189 4056 et

838 4090 1153 4164 domnus
1202 4092 1517 4166 Jacobus
1570 4113 1703 4167 rex
1753 4093 2160 4191 Aragoniae.
2206 4099 2312 4174 De
2351 4106 2561 4195 patre
2594 4108 2669 4175 et
2703 4100 2863 4175 filiis
2905 4101 3189 4176 dicetur

840 4208 1028 4282 infra
1077 4209 1394 4303 capitulo
1445 4212 1568 4284 VII
1620 4218 1693 4287 et
1742 4213 1913 4287 alibi
1962 4236 2187 4310 saepe3
2221 4225 2315 4292 'et
2354 4219 2570 4294 dicit:
2620 4242 2658 4293 e
2707 4223 2891 4294 dichi
2937 4224 2993 4295 il
3022 4242 3190 4295 vero

840 4349 892 4400 a
940 4331 1028 4400 lei
1073 4331 1130 4401 ε’
1156 4332 1342 4403 altro
1391 4335 1453 4403 si
1517 4335 1691 4424 dice,
1742 4335 2036 4429 scilicet,
2101 4339 2417 4431 qualiter
2467 4363 2635 4414 sum
2686 4342 2957 4436 salvuS,
3023 4342 3190 4416 licet

968 4511 1022 4574 (¹)
1056 4513 1106 4563 S.
1142 4516 1527 4576 persecutionis.
1907 4521 1962 4583 (¹)
1995 4522 2056 4572 E.
2091 4524 2442 4576 denominans.

968 4589 1020 4652 (’)
1058 4593 1164 4652 11⁷,
1196 4591 1488 4645 Constantia
1519 4596 1845 4648 denominata
1880 4612 1910 4648 a
1940 4597 2233 4652 Constantia
2264 4617 2466 4668 magna,
2500 4620 2616 4669 quae
2650 4605 2767 4656 suit.
