3704 5559
1366 523 1642 579 CANTUS
1692 525 2030 580 oc‘rAst.
2725 516 2859 581 221

522 670 662 744 bus
713 670 1190 744 obediverant
1240 671 1312 743 in
1366 671 1512 744 vita
1563 693 1832 767 magna
1896 691 2147 767 regna,
2202 671 2454 745 multae
2515 673 2738 746 urbes
2795 678 2869 745 et

524 791 773 888 magni
851 790 1238 883 exercitus,
1289 794 1602 882 sequitur
1668 794 1778 881 lei,
1841 792 2260 865 obedientes
2323 812 2551 886 parvo
2630 791 2865 884 nutui,

519 914 933 985 dolcemente
982 933 1020 983 e
1065 913 1319 1000 divole,
1373 911 1546 1004 quia
1597 911 1891 1005 scilicet,
1945 918 2432 986 surrexerunt
2491 919 2565 986 et
2616 919 2862 986 verte-

518 1040 695 1105 runt
745 1054 825 1106 se
875 1031 1206 1105 similiter
1256 1031 1346 1104 ad
1399 1032 1784 1124 orientem,
1837 1037 1913 1105 et
1959 1032 2374 1125 junxerunt
2433 1038 2507 1106 et
2571 1034 2864 1106 levave-

520 1159 696 1225 runt
745 1172 1010 1225 manus
1071 1157 1368 1225 orantes
1428 1151 1693 1225 devote
1762 1157 1837 1225 et
1903 1157 2275 1226 cantantes
2335 1152 2666 1246 dulciter,
2732 1174 2863 1244 per

519 1278 683 1344 tutto
735 1274 973 1345 l’inno
1023 1273 1248 1342 intero
1274 1296 1305 1363 ,·
1359 1272 1677 1366 hymnus
1728 1270 1926 1345 enim
1989 1277 2101 1344 est
2162 1273 2323 1344 laus
2381 1271 2534 1345 Deo
2593 1271 2858 1364 debita,

515 1394 788 1464 avendo
837 1395 939 1483 qli
986 1393 1200 1481 ocelli,
1252 1390 1455 1484 idest,
1510 1390 2200 1485 contemplationem
2256 1393 2678 1485 mentalem,
2717 1394 2862 1463 ale

512 1533 810 1605 superne
856 1519 1033 1601 rote,
1086 1511 1289 1605 idest,
1343 1512 1436 1585 ad
1486 1511 1733 1605 coeloS‚
1787 1510 1975 1584 sicut
2024 1511 2333 1585 similem
2388 1520 2640 1586 actum
2694 1533 2860 1607 pos-

511 1653 772 1706 sumus
823 1632 1074 1706 videre
1125 1652 1319 1725 saepe
1370 1633 1552 1705 hora
1603 1631 2058 1724 completorii
2110 1632 2183 1704 in
2232 1633 2472 1705 choris
2512 1631 2857 1705 ecclesia-

512 1774 681 1825 rum
737 1758 1184 1846 nostrarum,
1238 1752 1435 1846 quod
1489 1773 1683 1825 unus
1735 1751 1981 1845 incipit
2029 1752 2176 1824 alte
2226 1758 2526 1826 cantare
2578 1752 2852 1825 dictum

512 1874 872 1968 hymnum
928 1874 1043 1946 vel
1097 1873 1347 1965 alium,
1388 1878 1458 1946 et
1492 1872 1842 1945 continuo
1878 1871 2125 1946 caeteri
2158 1878 2574 1965 sequuntur
2616 1893 2855 1965 usque

504 1992 595 2067 ad
632 1991 854 2067 finem
892 1994 1167 2089 hymni.
1205 1994 1292 2066 Et
1326 1999 1499 2067 nota
1535 1993 1730 2085 quod
1766 2000 1982 2086 poeta
2018 1991 2223 2087 tingit
2256 1991 2374 2066 hic
2408 1992 2582 2065 istos
2606 2014 2849 2087 orare,

506 2113 705 2206 quod
759 2113 1001 2188 adhuc
1055 2134 1201 2187 non
1250 2113 1416 2187 fecit
1468 2113 1540 2185 in
1591 2113 1836 2206 aliqua
1898 2117 2095 2185 secta
2151 2112 2571 2185 animarum
2632 2134 2853 2208 supe-

507 2232 685 2326 rius»,
722 2232 895 2327 quia
945 2233 1481 2328 appropinquat
1521 2232 1613 2305 ad
1651 2231 2186 2327 purgatorium,
2222 2230 2384 2305 ideo
2437 2232 2701 2306 merito
2738 2233 2850 2306 in-

506 2351 707 2426 ducit
756 2352 928 2427 istos
978 2352 1271 2447 spiritus
1324 2353 1721 2425 intraturos
1773 2350 2275 2444 poenitentiam
2323 2372 2542 2426 orare
2591 2360 2847 2428 contra

508 2475 958 2546 tentamenta
1011 2471 1384 2545 daemonis.
1440 2470 1600 2545 Sed-
1631 2472 1872 2544 statim
1910 2470 2101 2544 dicet
2140 2471 2439 2564 aliquis:
2477 2473 2848 2566 quomodo

507 2590 621 2664 isti
672 2597 886 2665 orant
948 2599 1203 2665 contra
1265 2591 1545 2665 somnia
1612 2598 1684 2665 et
1750 2591 1890 2664 alia
1957 2611 2126 2683 quae
2182 2597 2467 2665 certum
2524 2599 2634 2666 est
2699 2613 2844 2666 non

504 2730 667 2788 esse
717 2711 790 2785 in
839 2711 1327 2808 purgatorio?
1377 2710 1778 2786 Dicendum
1831 2711 2175 2804 breviter,
2229 2711 2427 2805 quod
2477 2711 2643 2786 talia
2698 2732 2843 2786 non

503 2838 673 2906 sunt
721 2832 797 2905 in
845 2832 1274 2928 purgatorio
1327 2831 1712 2924 essentiali,
1766 2832 1893 2905 sed
1962 2832 2223 2904 morali
2286 2831 2427 2905 sic:
2489 2851 2662 2904 nam
2717 2831 2843 2925 qui

499 2953 810 3028 tendunt
858 2952 953 3028 ad
1012 2952 1510 3047 poenitentiam
1585 2952 1910 3025 maxime
1966 2958 2364 3045 tentantur,
2435 2960 2509 3025 et
2574 2952 2737 3025 ideo
2766 2944 2842 3043 (¹)

498 3074 733 3171 magis
784 3072 1108 3169 indigent
1156 3071 1510 3145 oratione.
1539 3112 1638 3124 —
1664 3077 1984 3161 Ayuzza.
2037 3071 2167 3145 Hic
2217 3077 2428 3165 poeta
2480 3070 2838 3164 descripta

496 3194 829 3270 oratione
877 3191 1343 3268 devotissima
1395 3192 1811 3285 illustrium,
1865 3184 2205 3265 describit
2262 3193 2611 3266 orationis
2661 3190 2843 3267 ess'e-

496 3320 742 3408 ctum3
779 3320 851 3388 et
886 3313 1058 3408 quia
1094 3312 1423 3386 facturus
1458 3319 1569 3385 est
1602 3312 1923 3385 nobilem
1959 3311 2349 3406 fictionem,
2385 3314 2624 3408 primo
2664 3334 2843 3388 con-

497 3435 715 3510 vertit
774 3453 1196 3509 sermonem
1254 3453 1477 3505 suum
1540 3431 1635 3506 ad
1696 3432 2138 3526 auditorem,
2201 3439 2285 3505 ut
2349 3434 2604 3508 reddat
2662 3455 2838 3509 eum

495 3560 885 3647 attentum,
911 3553 1195 3628 dicens:
1224 3572 1268 3623 o
1304 3555 1529 3642 leuor,
1556 3572 1839 3641 ayuzza
1878 3554 1980 3642 qli
2014 3555 2229 3643 ocelli,
2267 3553 2469 3647 idest,
2496 3555 2838 3629 subtilem

494 3673 1064 3771 speculationem
1119 3671 1402 3764 mentis,
1464 3674 1606 3762 qui,
1657 3671 1860 3764 idest,
1913 3671 1987 3744 in
2039 3672 2173 3746 isto
2223 3694 2463 3767 passu,
2517 3678 2594 3747 al
2640 3695 2837 3766 vero,

494 3792 701 3889 idest,
751 3794 844 3869 ad
894 3793 1281 3869 veritatem
1332 3794 1681 3867 latentem
1731 3791 1871 3866 sub
1912 3793 2144 3887 litera,
2179 3790 2303 3867 che*
2329 3797 2380 3867 ’l
2425 3797 2601 3884 velo,
2652 3794 2835 3870 idest

491 3913 727 4010 litera,
767 3911 811 3988 ἐ
854 3935 991 3988 ora
1040 3915 1167 3987 ben
1215 3919 1408 3987 tanto
1455 3915 1699 4004 soccile,
1741 3912 1947 4007 idest,
1983 3914 2180 3987 clara
2222 3921 2298 3986 et
2333 3921 2609 4008 aperta,
2645 3922 2833 3988 certo

489 4036 688 4109 cIoe’l
715 4041 1116 4128 &apassan
1143 4032 1434 4127 scilicet,
1470 4033 1858 4106 oculorum
1897 4031 2519 4126 intellectualium,
2555 4035 2833 4126 dentre,

489 4154 760 4231 scilicet
783 4154 876 4230 ad
903 4153 1361 4246 sententiam,
1388 4172 1557 4247 quae
1584 4158 1693 4227 est
1728 4151 2004 4226 inclusa
2039 4152 2179 4226 suh
2196 4143 2269 4245 (²)
2302 4152 2829 4248 integumentO,

488 4269 563 4350 de
594 4277 927 4368 leyqi‘ero,
962 4279 1038 4348 et
1071 4293 1337 4349 verum
1379 4272 1549 4348 dicit
1567 4297 1587 4366 ;
1631 4293 1804 4346 nam
1856 4272 1916 4345 si
1965 4272 2131 4366 quis
2179 4273 2371 4348 bene
2419 4273 2831 4350 considerat

485 4394 859 4471 fictionem
911 4393 1475 4490 praecedentem,
1512 4413 1644 4487 per
1683 4413 1909 4487 quam
1945 4401 2161 4488 poeta
2194 4394 2505 4469 ostendit
2554 4395 2829 4469 oratio-

613 4645 669 4709 (¹)
700 4647 764 4698 E.
796 4646 912 4698 ideo
944 4647 1169 4698 maximo
1201 4647 1444 4711 indigent.
1755 4647 1810 4709 (²)
1842 4647 1903 4697 E.
1938 4647 2034 4698 sub
2067 4653 2369 4712 tegumento
2403 4649 2699 4700 verborum.
