3704 5559
1278 527 1569 583 umus
1620 528 1973 595 QUAnTus.
2675 517 2808 584 131

472 678 845 767 aestatem3
898 678 973 747 et
1023 672 1122 746 ita
1173 671 1697 765 aequinoctialis
1755 691 2050 766 semper
2114 676 2225 744 est
2276 672 2560 745 medius
2624 672 2816 748 inter

473 800 804 867 aestatem
857 798 929 867 et
981 794 1348 888 hyemem,
1386 791 1558 884 quia
1593 792 1732 864 sub
1766 792 2251 885 aequinoctiali
2291 800 2405 866 est
2446 794 2816 868 maximus

473 914 698 1005 calor,
751 911 1091 1004 quamvis
1115 904 1190 1003 (⁴)
1241 911 1608 986 Avicenna
1661 911 1852 985 dicat
1910 912 2106 1005 quod
2167 912 2254 985 sit
2315 933 2482 1005 pars
2535 921 2817 1009 tempe-

477 1037 634 1111 rata
686 1030 825 1103 sub
877 1050 990 1125 e0,
1045 1030 1161 1105 vel
1213 1030 1433 1104 babet
1483 1037 1900 1125 respectum
1954 1031 2045 1105 ad
2099 1040 2455 1127 extrema,
2505 1036 2595 1108 ad
2649 1057 2817 1128 quae

475 1152 583 1226 sol
632 1172 1013 1246 nunquam
1067 1151 1366 1244 accedit,
1421 1151 1547 1223 ubi
1599 1158 1709 1226 est
1759 1159 2199 1245 perpetuum
2253 1153 2503 1250 frigus.
2547 1138 2647 1228 'Et
2698 1176 2818 1231 as-

477 1270 712 1366 signat
771 1292 1097 1366 causam,
1149 1271 1434 1344 dicens:
1499 1293 1631 1363 per
1694 1273 1766 1342 la
1829 1275 2090 1362 raqion
2141 1274 2261 1344 che
2310 1276 2430 1364 di’,
2467 1278 2699 1366 quinci
2751 1278 2817 1348 si

470 1398 700 1484 parte,
743 1391 947 1484 idest,
985 1390 1159 1484 quia
1204 1409 1297 1463 ex
1342 1391 1478 1463 hac
1512 1397 1722 1485 parte
1765 1401 2195 1465 removetur
2246 1415 2290 1467 a
2343 1395 2572 1489 nobiS,
2614 1417 2815 1469 verso

475 1513 531 1584 il
571 1494 993 1601 setten'trion,
1038 1510 1242 1604 idest,
1295 1515 1550 1583 contra
1602 1510 2045 1604 aquilonem,
2090 1512 2213 1585 ubi
2265 1516 2680 1608 oppositum
2735 1515 2816 1589 fit

477 1629 705 1723 nobiS‚
747 1629 943 1703 unde
978 1629 1180 1702 dicit:
1216 1632 1498 1720 quando
1538 1633 1638 1719 qli
1670 1631 1881 1718 ebt-ei,
1920 1630 2121 1725 idest,
2148 1633 2398 1727 judaei,
2436 1634 2560 1727 qui
2604 1643 2817 1709 erant

476 1756 1016 1824 commorantes
1060 1750 1131 1821 in
1176 1749 1370 1844 Syon
1405 1749 1477 1820 in
1514 1749 1995 1843 Hierusalem,
2034 1754 2338 1823 vedevan
2378 1755 2498 1843 lui,
2545 1754 2818 1828 scilicet

475 1871 730 1964 solem,
781 1892 984 1943 verso
1035 1873 1108 1942 la
1157 1873 1367 1942 calda
1389 1876 1627 1961 parte,
1664 1870 1869 1964 idest,
1907 1871 2312 1945 meridiem.
2353 1873 2439 1944 Et
2480 1873 2650 1947 dicit
2684 1894 2821 1948 no-

476 1997 754 2065 tanter:
808 1993 1141 2080 vedevan,
1206 1989 1299 2063 de
1360 1989 1752 2084 praeterito,
1806 1990 1980 2083 quia
2042 1989 2133 2064 de
2197 1993 2536 2085 praesenti
2588 1993 2817 2088 judaei

476 2130 622 2185 non
673 2110 997 2213 habitant
1048 2110 1121 2182 in
1174 2108 1649 2183 Hierusalem.
1708 2108 1913 2183 Unde
1966 2116 2136 2183 nota
2200 2112 2394 2204 quod
2450 2119 2665 2207 poeta
2718 2112 2819 2186 ita

475 2214 765 2324 poterat
812 2228 1058 2303 dicere
1109 2228 1200 2301 de
1252 2227 1502 2301 italicis
1553 2235 1627 2301 et
1674 2228 1951 2323 gallicis
1986 2236 2059 2302 et
2092 2230 2248 2303 aliis
2289 2230 2819 2306 habitatoribus

478 2353 748 2422 nostrae
796 2354 1016 2421 terrae
1068 2347 1254 2421 sicut
1304 2348 1396 2421 de
1446 2347 1756 2420 hebraeis
1785 2338 1896 2441 (²);
1950 2348 2124 2440 quia
2175 2349 2448 2423 fecerat
2507 2351 2819 2425 mentio-

479 2488 650 2543 nem
702 2468 795 2542 de
843 2469 1038 2564 Syon
1091 2473 1363 2561 monte,
1407 2467 1572 2541 ideo
1616 2467 1847 2563 magis
1901 2469 2192 2562 proprie
2242 2469 2420 2542 dixit
2468 2469 2560 2543 de
2611 2470 2819 2544 habi-

481 2587 839 2662 tatoribus
889 2587 1069 2662 eius,

626 2712 752 2781 Μα
797 2728 873 2779 se
924 2710 973 2779 ti
1012 2709 1233 2801 piace.
1270 2708 1409 2781 Ista
1451 2712 1562 2781 est
1603 2706 1816 2781 tertia
1852 2727 2020 2802 pars
2068 2706 2364 2781 moralis
2416 2714 2487 2781 et
2537 2707 2818 2802 pulcra,

478 2826 553 2901 in
602 2849 752 2922 qua
802 2834 1022 2903 autor
1070 2828 1411 2902 describit
1438 2817 1511 2918 (³)
1567 2834 1915 2901 naturam
1954 2834 2029 2901 et
2069 2827 2588 2921 proprietatem
2643 2828 2820 2903 isto-

480 2965 648 3022 rum
702 2948 1085 3044 pigrorum
1141 2956 1223 3023 et‘
1277 2969 1512 3021 unum
1579 2947 1896 3020 illoru‘m'
1929 2947 2002 3019 in
2068 2947 2378 3041 speciali.
2434 2949 2522 3020 Et
2580 2949 2818 3042 primo

479 3075 878 3163 antequam
929 3068 1307 3164 perveniat
1358 3067 1449 3141 ad
1503 3067 1713 3140 istam
1751 3073 2049 3162 gentem
2084 3067 2425 3140 describit
2474 3076 2817 3143 naturam

481 3195 556 3263 et
604 3188 1122 3284 proprietatem
1178 3187 1466 3281 montiS,
1517 3186 1785 3280 dicens,
1840 3185 2037 3279 quod
2090 3184 2242 3278 ipse
2294 3193 2715 3282 resumptus
2775 3208 2819 3262 a

481 3310 734 3386 labore
783 3308 1108 3403 corporis
1159 3327 1289 3402 per
1342 3306 1693 3401 quietem,
1735 3305 1999 3380 auditis
2049 3305 2200 3380 istis
2251 3305 2820 3402 delectabilibus,

482 3430 658 3505 dixit
685 3419 759 3523 (⁴)
830 3428 1173 3525 Virgilio:
1237 3449 1357 3500 ma
1422 3450 1496 3499 se
1553 3430 1603 3500 ti
1656 3430 1884 3519 piace,
1937 3425 2108 3519 quia
2177 3425 2431 3499 videor
2499 3427 2818 3500 multum

482 3550 820 3648 fatigasse
869 3555 964 3643 te,
1010 3551 1339 3622 volenlier
1389 3550 1626 3639 saprei
1673 3554 1934 3639 quanto
1985 3567 2230 3619 avemo
2283 3549 2383 3619 ad
2430 3551 2693 3638 undar,
2729 3547 2821 3620 ti·-

483 3670 731 3745 mebat
778 3669 1109 3764 laborem
1164 3667 1402 3763 longae
1435 3667 1613 3760 viae,
1648 3667 1844 3740 unde
1879 3666 2086 3740 dicit:
2123 3663 2246 3739 che*
2274 3668 2326 3738 ’l
2342 3670 2612 3758 poyyio
2645 3670 2820 3759 sale,

472 3773 687 3884 idest,
736 3797 950 3863 mons
1001 3786 1229 3862 tendit
1279 3786 1352 3859 in
1403 3786 1659 3880 altum,
1691 3781 1818 3878 pii)
1852 3788 1972 3858 che
2008 3788 2188 3857 salir
2237 3806 2381 3857 non
2423 3808 2686 3877 possen
2724 3791 2826 3877 912·

481 3909 673 3983 occhi
719 3910 923 4000 ηιὲεἰς
987 3906 1162 4006 quia
1211 3905 1413 3980 visus
1477 3926 1624 3980 non
1686 3910 1976 4000 poterat
2041 3903 2403 3998 attingere
2460 3925 2820 3986 cacumen

482 4027 774 4124 montis,
835 4024 1031 4121 quod
1101 4031 1263 4100 erat
1320 4025 1750 4120 contiguum
1806 4023 2029 4114 coelo;
2082 4027 2157 4094 et
2224 4021 2383 4095 talis
2451 4029 2561 4098 est
2621 4031 2824 4100 recte

481 4149 716 4226 virtus
764 4167 934 4242 quae
984 4145 1213 4221 tendit
1261 4145 1353 4220 ad
1404 4144 1699 4219 coelum.
1752 4143 1841 4214 Et
1888 4140 2129 4214 subdit
2165 4143 2712 4237 responsionem
2745 4136 2818 4238 (⁸)

605 4417 659 4480 (¹)
695 4420 803 4476 117,
839 4416 1071 4481 quamvis
1103 4413 1286 4479 aliquis
1317 4415 1470 4464 dicat.

605 4491 658 4553 (¹)
691 4492 753 4541 E.
786 4493 851 4542 dc
881 4492 1115 4552 hebreis,
1148 4491 1236 4541 wd
1269 4489 1439 4554 potius
1470 4487 1596 4538 fecit
1626 4487 1940 4537 mentionem
1973 4487 2037 4537 de
2069 4486 2292 4537 hebreis
2313 4485 2430 4549 qula
2453 4484 2650 4536 fecerat
2669 4498 2824 4537 men-

483 4570 679 4620 tionem
711 4569 775 4619 de
808 4570 962 4632 Syon,
997 4569 1130 4619 ideo.

607 4644 661 4708 (⁸)
692 4646 743 4696 S.
778 4646 958 4710 tangit.
1210 4644 1263 4707 (⁸)
1298 4648 1405 4705 117,
1440 4642 1566 4693 dicit
1598 4639 1835 4704 Virgilio.
2098 4638 2152 4701 (⁸)
2185 4639 2246 4689 E.
2279 4640 2552 4689 rationem.
