3704 5559
1359 507 1638 563 CANTUS
1687 509 1974 562 SEXTUS,
2696 496 2836 564 177

490 652 657 749 gior
709 672 935 745 quam
987 657 1219 747 puteS.
1275 653 1482 745 Nam,
1528 654 1771 744 prima
1819 653 1936 723 che
1989 654 2077 723 sii
2134 647 2348 743 lassi),
2417 653 2709 748 scilicet,
2763 653 2837 726 in

493 771 903 866 cacumine,
957 775 1205 844 vedrai
1244 778 1529 864 tornar,
1566 772 1835 846 scilicet
1876 771 1969 845 ad
2018 778 2291 866 ortum,
2329 777 2532 865 colui,
2568 773 2841 848 scilicet

492 894 747 987 solem,
801 895 921 964 che
966 882 1088 982 9ίὰ
1136 896 1202 965 si
1247 913 1458 984 copre
1504 894 1690 965 della
1738 899 1958 982 costa,
2010 892 2278 966 scilicet
2337 893 2625 987 montis,
2678 897 2839 987 post

494 1035 716 1109 quem
761 1014 918 1109 jam
971 1014 1404 1107 occultatur,
1456 1004 1515 1085 εὶ
1563 1015 1683 1085 che
1730 1014 1759 1084 i
1804 1016 1960 1085 suoi
1997 1014 2214 1102 rayyi
2262 1019 2332 1085 tu
2363 1034 2651 1105 romper
2690 1032 2835 1084 non

487 1140 624 1229 sai,
675 1135 875 1228 idest,
930 1154 1077 1208 non
1129 1134 1303 1208 sacis
1355 1133 1727 1227 umbram,
1780 1132 1955 1226 quia
2004 1133 2113 1205 sol
2163 1132 2422 1206 bassus
2474 1152 2620 1206 non
2671 1130 2838 1206 ferit

492 1261 569 1330 te
616 1254 948 1349 amplius.
976 1294 1076 1307 —
1100 1257 1226 1327 Ma
1276 1256 1450 1326 vedi.
1505 1253 1714 1326 Nunc
1764 1258 1980 1346 poeta
2031 1251 2371 1325 describit
2405 1252 2649 1327 virum
2687 1252 2837 1324 sin-

491 1376 827 1472 gularem
859 1367 958 1468 (¹),
1012 1374 1567 1469 compatriotam
1628 1372 1924 1469 Virgilii.
1987 1371 2096 1445 Ad
2155 1372 2368 1445 cuius
2426 1372 2835 1468 intelligen-

493 1496 666 1572 tiam
735 1495 959 1570 debes
1025 1495 1228 1590 prius
1301 1494 1509 1588 scire,
1580 1493 1776 1587 quod
1834 1492 1951 1567 hic
2030 1513 2263 1565 novus
2332 1492 2624 1586 spiritus
2694 1491 2833 1566 suit

492 1615 789 1709 quidam
824 1614 1000 1690 civis
1034 1620 1479 1688 mantuanus
1514 1612 1811 1686 nomine
1844 1612 2236 1706 SordelluS,
2273 1611 2529 1685 nobilis
2555 1617 2629 1686 et
2653 1633 2836 1706 pru-

491 1737 671 1812 dens
720 1736 950 1831 mileS,
1003 1741 1076 1810 et
1139 1741 1221 1808 ut
1269 1734 1493 1829 aliqui
1544 1734 1821 1826 volunt,
1875 1732 2189 1827 curialis,
2244 1739 2577 1827 tempore
2626 1731 2834 1805 Ecci-

493 1854 633 1928 rini
698 1855 791 1930 de
864 1856 1221 1948 Romam,
1282 1853 1373 1926 de
1436 1873 1587 1946 quo
1660 1850 1909 1926 audivi
1972 1854 2141 1943 (non
2211 1858 2457 1925 tamen
2518 1851 2835 1942 affirmo)

492 1974 662 2049 satis
712 1976 1050 2071 jocosum
1123 1993 1427 2062 novum,
1491 1971 1689 2065 quod
1757 1970 2083 2045 breviter
2150 1977 2260 2045 est
2323 1971 2486 2044 talis
2552 1970 2834 2043 sormae.

491 2093 822 2169 Habebat
868 2092 1243 2167 Eccirinus
1285 2090 1685 2184 quamdam
1727 2109 2063 2164 sororem
2100 2111 2311 2164 suam
2356 2089 2567 2165 valde
2605 2108 2835 2164 vene-

494 2235 727 2308 ream,
773 2213 867 2288 de
917 2235 1064 2307 qua
1100 2213 1178 2285 fit
1212 2213 1474 2309 longus
1510 2231 1755 2286 sermo
1790 2210 2110 2285 Paradisi
2149 2210 2465 2306 capitulo
2500 2209 2617 2282 lx.
2655 2208 2837 2295 Quae

494 2354 800 2410 accensa
850 2353 1108 2408 amore
1157 2332 1461 2406 Sordelli
1502 2330 1864 2406 ordinavit
1903 2338 2141 2425 caute,
2185 2331 2383 2426 quod
2434 2331 2553 2405 ille
2606 2330 2831 2402 intra-

496 2463 610 2531 ret
658 2454 750 2531 ad
803 2474 969 2529 eam
1023 2460 1356 2547 tempore
1408 2452 1640 2527 noctis
1697 2472 1831 2547 per
1892 2473 2127 2525 unum
2189 2452 2531 2525 ostiolum
2593 2453 2837 2544 poste-

495 2575 647 2650 rius
688 2575 906 2670 juxta
953 2574 1342 2667 coquinam
1397 2572 1639 2667 palatii
1692 2572 1764 2644 in
1817 2571 2109 2647 civitate
2142 2572 2491 2663 Veronae3
2536 2574 2611 2642 et
2660 2567 2833 2660 quia

494 2696 568 2770 in
619 2702 848 2770 strata
907 2702 1069 2769 erat
1128 2701 1344 2789 turpe
1394 2691 1868 2766 volutabrum
1934 2710 2353 2787 porcorum,
2417 2689 2573 2762 sive
2626 2685 2837 2783 pocia

493 2816 947 2910 brodiorum,
1000 2815 1098 2888 ita
1152 2821 1233 2888 ut
1283 2814 1488 2888 locus
1528 2813 1728 2886 nullo
1764 2812 1985 2886 modo
2020 2811 2394 2886 videretur
2428 2812 2834 2904 suspectuS,

494 2935 805 3013 iaciebat
855 2956 935 3011 se
1000 2935 1276 3030 portari
1330 2954 1460 3028 per
1510 2932 1907 3027 quemdam
1961 2952 2260 3007 servum
2322 2951 2543 3003 suum
2597 2946 2838 3021 usque

494 3056 586 3132 ad
621 3056 990 3150 ostiolum,
1029 3055 1159 3128 ubi
1194 3053 1479 3129 Cunitia
1515 3058 1770 3147 parata
1806 3050 2198 3145 recipiebat
2233 3069 2431 3123 eum.
2461 3047 2837 3123 Eccirinus

496 3181 749 3251 autem
802 3176 943 3249 hoc
992 3174 1195 3267 scito,
1232 3193 1381 3247 uno
1433 3191 1600 3246 sero
1650 3171 2097 3245 subornatus
2147 3169 2286 3243 sub
2337 3168 2577 3264 specie
2611 3167 2828 3261 servi,

495 3294 1009 3389 transportavit
1078 3293 1514 3385 Sordellum,
1585 3291 1845 3364 deinde
1908 3288 2325 3384 reportavit.
2388 3288 2549 3375 Quo
2620 3286 2836 3382 facto,

496 3414 982 3490 manifestavit
1014 3434 1096 3489 se
1129 3412 1481 3505 Sordello‚
1532 3419 1606 3486 et
1655 3410 1868 3484 dixit:
1927 3409 2212 3483 sufficit.
2250 3409 2356 3483 De
2402 3414 2671 3483 caetero
2706 3406 2840 3482 ab-

496 3534 765 3610 stineas
812 3532 1167 3609 accedere
1214 3531 1307 3606 ad
1359 3552 1543 3626 opus
1591 3536 1745 3603 tam
1798 3527 2172 3602 sordidum
2216 3548 2351 3624 per
2400 3529 2645 3602 locum
2684 3532 2836 3600 tam

495 3654 893 3730 sordidum.
946 3653 1318 3728 Sordellus
1370 3649 1804 3725 terrefactus
1841 3647 2260 3742 suppliciter
2291 3638 2366 3739 (Ἰ)
2401 3646 2653 3742 petivit
2704 3665 2840 3720 ve-

497 3773 719 3869 niam,
769 3773 1201 3870 promittens
1252 3791 1662 3864 numquam
1713 3766 2026 3862 amplius
2073 3766 2315 3840 redire
2348 3765 2441 3839 ad
2476 3784 2834 3839 sororem.

501 3894 778 3970 Tamen
828 3893 1113 3969 Cunitia
1165 3891 1551 3966 maledicta
1602 3888 1909 3963 retraxit
1963 3907 2136 3962 eum
2189 3886 2264 3960 in
2313 3885 2637 3981 primum
2699 3883 2839 3959 fal-

496 4016 680 4091 lum.
731 4014 979 4103 Quare
1026 4014 1180 4109 ipse
1238 4012 1504 4086 timens
1566 4008 1983 4084 Eccirinum
2012 3998 2087 4098 (³)
2160 4004 2837 4080 formidatissimum

497 4136 884 4213 hominum
933 4134 1046 4211 sui
1095 4131 1466 4227 temporis,
1508 4129 1807 4205 recessit
1858 4127 1951 4201 ab
2012 4146 2126 4221 e0,
2169 4146 2394 4221 quem
2439 4125 2842 4220 EccirinuS‚

500 4265 587 4334 ut
635 4256 931 4354 quidam
983 4255 1275 4348 ferunt,‘
1304 4252 1470 4327 fecit
1520 4256 1770 4346 postea
1830 4247 2200 4323 trucidari.
2256 4247 2466 4322 Nunc
2507 4246 2622 4322 ad
2681 4245 2844 4320 lite-

501 4398 685 4455 ram.
735 4375 918 4451 Dicit
966 4373 1307 4470 Virgilius
1356 4370 1605 4446 Danti:
1642 4389 1762 4441 ma
1804 4372 1961 4442 vedi
1993 4359 2090 4461 ἰὰ,
2142 4367 2434 4461 scilicet,
2477 4384 2840 4459 seorsum,

623 4562 683 4627 ζ’)
716 4567 826 4625 117,
855 4561 1172 4627 singulnrem
1203 4560 1514 4613 modernum
1546 4557 1961 4620 compatriotam.
2214 4554 2273 4619 (¹)
2303 4557 2411 4615 117,
2444 4552 2810 4617 supplicanter.

625 4642 680 4707 Ρ)
710 4641 776 4694 Ε.
806 4641 1085 4694 Beellnum
1112 4640 1541 4693 formidissimum
1573 4637 1862 4688 hominum.

768 4753 851 4798 111.
2520 4744 2573 4786 12
