3704 5559
1300 503 1575 558 CANTUS
1625 504 1982 570 QUARTUS·
2685 497 2718 559 1
2730 496 2773 559 2
2785 495 2817 558 1

483 646 787 721 tisfactio
843 645 1245 739 requiritur
1313 647 1632 724 tendenti
1690 648 1782 723 ad
1845 648 2372 743 poenitentiam.
2436 650 2524 721 Et
2581 648 2824 722 subdit

476 767 847 862 quomodo
914 767 1250 861 petiverit
1308 789 1353 842 a
1413 768 1708 864 Virgilio
1762 769 1869 859 ‚de
1926 768 2256 844 ulteriori
2325 769 2443 843 via
2503 769 2816 843 tenenda

474 888 762 963 dicens:
827 892 1138 961 Maeslro
1201 891 1363 981 mi0,
1427 889 1629 983 idest,
1689 910 1735 962 o
1800 889 2070 985 virgili,
2133 890 2260 983 qui
2321 889 2625 964 docuisti
2697 909 2818 964 me

474 1028 771 1083 omnem
819 1008 1038 1102 viam,
1073 1010 1238 1081 diss'
1262 1012 1333 1082 io
1359 1034 1382 1081 .·
1417 1012 1536 1082 clze
1585 1013 1701 1083 via
1729 1014 2066 1103 faremo?
2088 1012 2216 1102 poi
2254 1012 2371 1082 che
2403 1014 2524 1083 noi
2548 1014 2818 1103 summo

472 1132 550 1201 in
614 1150 695 1201 su
755 1132 800 1202 l’
826 1133 985 1202 orlo
1051 1151 1403 1223 supremO,
1467 1130 1671 1223 idest,
1740 1138 2124 1226 postquam
2189 1132 2661 1225 pervenimus
2727 1131 2819 1204 ad

476 1250 695 1325 finem
737 1250 930 1324 illius
982 1250 1120 1325 viae
1171 1259 1451 1326 cavatae
1509 1252 1581 1324 in
1643 1252 1903 1324 ultima
1954 1251 2439 1345 extremitate,
2492 1255 2648 1324 dell’
2672 1254 2821 1324 alta

472 1373 662 1463 ripa,
712 1370 936 1464 ipsius
987 1370 1276 1465 montiS,
1329 1393 1378 1443 a
1427 1374 1500 1443 la
1546 1378 1869 1463 scoperta
1924 1374 2245 1463 ρίαρρία,
2296 1372 2501 1464 idest,
2555 1372 2818 1466 ripam,

475 1489 646 1584 quia
679 1489 884 1585 prius
919 1490 1204 1564 iverant
1239 1491 1566 1585 cooperti
1608 1491 1797 1563 intra
1830 1483 1905 1582 (¹)
1948 1490 2142 1564 illam
2189 1491 2407 1565 viam.
2435 1531 2533 1544 -
2558 1495 2624 1563 E
2653 1511 2820 1582 que-

469 1613 590 1702 yli.
641 1609 772 1683 Hic
820 1615 1035 1704 poeta
1095 1610 1297 1705 ponit
1360 1611 1906 1705 responsionem
1969 1610 2244 1706 Virgilii
2305 1631 2478 1685 cum
2542 1611 2818 1704 optimo

472 1729 771 1806 consilio
819 1731 1012 1805 circa
1066 1732 1260 1805 viam
1314 1751 1581 1804 novam
1636 1731 1918 1805 dicens:
1962 1753 1998 1803 e
2037 1734 2264 1823 queqli
2295 1753 2344 1803 a
2379 1752 2510 1821 me,
2548 1730 2821 1804 scilicet

472 1851 814 1947 Virgilius
867 1852 1271 1945 respondit:
1324 1873 1578 1924 nessun
1629 1859 1743 1925 tuo
1772 1874 1987 1943 passo
2034 1854 2316 1943 caqqia,
2353 1851 2556 1944 idest,
2596 1849 2816 1923 decli-

473 1977 600 2046 net
630 1970 705 2043 in
739 1969 1119 2045 dexteram
1158 1972 1273 2044 vel
1309 1971 1699 2066 sinistram,
1729 1972 1900 2065 quia
1938 1972 2034 2045 ibi
2071 1992 2217 2045 non
2244 1978 2403 2045 erat
2427 1970 2708 2066 signata
2734 1960 2812 2060 (²)

470 2090 591 2165 via
636 2095 866 2183 certa,
917 2090 1079 2164 ideo
1131 2111 1277 2164 non
1331 2099 1490 2165 erat
1545 2090 2037 2165 recedendum
2089 2112 2134 2164 a
2185 2092 2397 2184 duce,
2435 2090 2562 2184 qui
2609 2095 2819 2162 tene-

471 2210 601 2286 bat
661 2211 988 2284 medium
1055 2211 1391 2284 rationis:
1469 2212 1662 2286 unde
1709 2212 1927 2286 dicit:
1986 2233 2134 2304 pur
2199 2232 2361 2284 suso
2429 2213 2508 2283 al
2554 2215 2808 2298 monle,

469 2331 772 2406 tendens
823 2331 898 2404 in
958 2331 1215 2426 altum,
1270 2335 1492 2405 dietro
1537 2353 1585 2404 a
1619 2355 1726 2405 me
1758 2336 2098 2424 acquista,
2133 2352 2449 2426 sequens
2501 2330 2808 2424 vestigia

471 2473 662 2544 mea,
706 2447 934 2544 finche*
996 2454 1065 2523 η’
1093 2455 1358 2544 appaia
1420 2455 1676 2524 alcuna
1741 2460 1979 2524 scorta
2032 2455 2313 2543 saqqia,
2367 2451 2571 2543 idest,
2642 2468 2810 2541 quae

467 2572 648 2646 sciat
695 2571 963 2646 docere
1014 2592 1147 2646 nos
1200 2573 1418 2667 viam,
1460 2573 1649 2647 sicut
1692 2573 1912 2667 paulo
1963 2578 2135 2645 ante
2185 2571 2352 2645 fecit
2400 2571 2541 2644 alia
2593 2568 2813 2642 turba

467 2691 907 2795 animarum.
963 2692 1053 2765 Et
1101 2692 1443 2767 describit
1489 2701 1703 2789 poeta
1739 2692 2193 2766 altitudinem
2249 2690 2537 2784 montiS,
2574 2694 2650 2762 et
2693 2708 2814 2762 re-

465 2811 892 2888 ctitudinem
945 2813 1082 2888 viae
1140 2833 1272 2909 per
1334 2834 1563 2887 unam
1625 2812 1943 2886 nobilem
1997 2809 2647 2905 comparationem,
2701 2807 2816 2882 di-

465 2952 688 3008 cens:
755 2936 825 3006 lo
885 2955 1151 3006 sommo
1214 2955 1344 3006 era
1408 2937 1576 3026 alto,
1631 2932 1834 3026 idest,
1901 2951 2259 3006 cacumen
2322 2930 2590 3004 montis
2650 2936 2812 3004 erat

464 3053 725 3146 altum,
775 3060 852 3127 et
911 3061 1063 3128 tam
1126 3056 1387 3149 altum,
1439 3056 1559 3126 che
1610 3056 1850 3125 vincea
1887 3055 1987 3124 ¹la
2050 3055 2253 3141 vista,
2313 3050 2486 3144 quia
2550 3050 2815 3124 oculus

463 3173 836 3248 humanus
870 3195 1016 3249 non
1044 3181 1281 3269 potest
1300 3165 1372 3266 (³)
1403 3174 1766 3270 attingere
1800 3171 2303 3247 summitatem
2343 3170 2560 3244 huius
2596 3190 2813 3244 mon-

467 3292 559 3367 tis
608 3294 735 3388 qui
784 3294 1071 3389 attingit
1120 3294 1418 3387 coelum,
1473 3302 1558 3368 ut
1614 3313 1809 3388 saepe
1850 3293 2011 3387 jam
2062 3292 2336 3366 dictum
2391 3297 2504 3365 est
2550 3297 2626 3365 et
2675 3310 2815 3364 sae-

465 3412 630 3509 pius
679 3412 985 3507 dicetur,
1037 3437 1075 3487 e
1136 3417 1209 3487 la
1271 3421 1490 3503 costa,
1543 3413 1747 3505 idest,
1801 3412 2273 3486 tumorositas
2340 3420 2416 3488 et
2481 3409 2812 3504 repentia

464 3533 779 3628 montiS,
830 3537 1026 3607 assai
1074 3529 1198 3626 ρίΐι
1257 3534 1585 3627 superba,
1655 3533 1858 3627 idest,
1926 3534 2160 3605 multo
2222 3532 2384 3627 plus
2444 3530 2676 3626 rigida
2734 3536 2811 3603 et

398 3691 401 3694 “
467 3659 702 3747 recta,
744 3655 863 3727 che
911 3656 1095 3744 lista,
1145 3652 1350 3748 idest,
1406 3653 1617 3748 linea,
1657 3655 1757 3726 da
1802 3673 2049 3725 mezzo
2100 3654 2494 3743 quadrante
2546 3670 2594 3721 a
2645 3667 2808 3722 cen-

464 3779 601 3847 tro.
668 3772 759 3846 Et
824 3793 970 3846 non
1035 3773 1412 3869 intelligaS,
1479 3775 1731 3867 lector,
1796 3773 1986 3846 sicut
2054 3771 2264 3844 multi
2336 3771 2528 3843 male
2599 3769 2811 3844 intel-

463 3893 702 3991 ligunt
761 3893 903 3988 hic,
972 3892 1169 3987 quod
1220 3893 1356 3968 ista
1425 3901 1625 3976 costa
1692 3899 1884 3967 esset
1954 3893 2051 3966 ita
2119 3898 2342 3985 recta,
2412 3889 2599 3965 sicut
2661 3908 2811 3961 una

465 4014 656 4091 linea
715 4015 955 4110 longa,
1023 4035 1191 4109 quae
1249 4014 1539 4110 respicit
1597 4035 1921 4108 sursum,
1984 4013 2155 4107 quia
2217 4012 2274 4085 si
2339 4011 2492 4106 ripa
2557 4010 2814 4085 suisset

463 4133 560 4210 ad
617 4135 921 4210 modum
983 4136 1203 4228 muri,
1264 4143 1645 4230 nunquam
1705 4136 1977 4209 Dantes
2052 4132 2400 4228 potuisset
2460 4132 2570 4207 ire
2636 4153 2810 4207 cum

467 4253 773 4351 pedibus
833 4255 1023 4330 suis:
1093 4255 1290 4330 unde
1354 4255 1612 4350 vidisti,
1676 4255 1875 4351 quod
1915 4256 2074 4351 jam
2140 4255 2402 4330 totiens
2463 4254 2810 4350 Virgilius

468 4376 781 4472 portavit
831 4376 1071 4472 ipsum
1121 4375 1195 4450 in
1229 4375 1538 4471 inferno,
1576 4376 1872 4471 quando
1914 4375 2356 4452 invenerunt
2390 4376 2571 4449 tales
2613 4374 2807 4468 vias3

590 4640 642 4701 (¹)
674 4639 726 4689 S.
758 4640 810 4689 in
843 4640 983 4691 illam
1017 4607 1170 4693 viam.
1421 4640 1478 4705 (¹)
1509 4643 1561 4692 S.
1596 4645 1864 4706 assignata.
2113 4639 2169 4700 (Ἴ
2202 4645 2310 4700 11⁷,
2343 4652 2450 4692 non
2484 4643 2702 4702 poterat.
