3704 5559
872 447 1013 513 406
1588 458 1997 514 οοΜΕΝΤυΜ
2047 459 2483 513 PURGA‘ronu

867 609 984 675 tra
1029 606 1105 675 in
1150 605 1351 693 iqua!
1395 610 1638 693 traua,
1673 602 1876 697 idest,
1914 602 1988 676 in
2038 603 2399 696 aequalem
2453 602 2745 676 lineam.
2798 602 2905 677 Ad
2950 604 3213 679 intelli-

865 722 1185 816 gentiam
1240 724 1514 796 claram
1570 722 1776 796 istius
1837 723 2069 797 literae
2132 723 2491 815 obscurae,
2543 728 2717 796 nota
2775 723 2974 815 quod
3024 723 3205 798 sicut

863 842 1109 916 scribit
1155 843 1496 917 Albertus
1530 843 1718 917 libro
1751 844 1843 917 de
1877 842 2443 938 proprietatibus
2484 843 3048 937 elementorum,
3083 865 3205 919 ca-

863 983 989 1035 sus
1039 962 1290 1056 lapidis
1342 970 1450 1037 est
1501 963 1691 1036 linea
1743 960 2442 1057 perpendiculariter
2494 960 2788 1036 inducta
2845 982 2890 1036 a
2953 970 3200 1038 centro

863 1083 1032 1156 solis
1083 1104 1305 1178 super
1354 1083 1587 1178 capita
1641 1083 2060 1157 hominum:
2117 1083 2274 1155 haec
2336 1088 2588 1156 autem
2650 1082 2838 1157 linea
2899 1091 3202 1159 vocatur

862 1203 1360 1297 metaphorice
1437 1224 1648 1277 casus
1726 1203 2001 1297 lapidiS,
2056 1223 2145 1277 eo
2198 1200 2394 1295 quod
2448 1201 2622 1297 lapis
2673 1209 2784 1277 est
2833 1204 3201 1297 quodlibet

861 1324 1281 1418 simpliciter
1331 1345 1561 1420 grave
1611 1324 1801 1398 cadit
1861 1324 2162 1399 inferius
2231 1323 2947 1417 perpendiculariter.
3006 1325 3199 1400 Unde

858 1444 1029 1519 dicit
1080 1444 1200 1538 ibi,
1254 1445 1451 1539 quod
1501 1445 1847 1539 aethiopes
1893 1444 2301 1518 habitantes
2352 1444 2542 1518 inter
2595 1446 2957 1540 tropicum
3009 1446 3198 1519 aesti-

857 1583 1037 1636 vum
1091 1570 1165 1638 et
1215 1565 1798 1658 aequinoctialem
1858 1565 2126 1637 babent
2162 1563 2348 1637 duas
2383 1563 2854 1638 calidissimas
2890 1571 3194 1657 aestateS,

857 1684 1030 1778 quia
1082 1685 1189 1758 sol
1223 1685 1334 1759 bis
1369 1684 1761 1780 pertransit
1796 1705 2050 1758 casum
2089 1683 2339 1776 lapidis
2375 1705 2596 1778 super
2630 1684 2866 1779 capita
2910 1704 3192 1758 eorum.

853 1805 1055 1879 Sicut
1106 1827 1151 1879 a
1202 1806 1415 1880 simili
1466 1812 1679 1900 poeta
1709 1796 1784 1897 (¹)
1833 1803 2124 1878 videtur
2158 1802 2273 1876 hic
2306 1802 2576 1898 dicere,
2612 1804 2810 1897 quod
2853 1804 3033 1877 radii
3066 1825 3199 1878 an-

852 1926 996 2022 geli
1060 1932 1258 2001 recte
1316 1925 1740 2000 ceciderunt
1798 1945 1972 1998 cum
2038 1943 2308 2020 magno
2373 1924 2621 1998 calore
2681 1929 2754 1998 et
2815 1924 3196 2018 splendore

854 2066 1077 2140 super
1129 2046 1388 2120 faciem
1426 2066 1663 2138 suam,
1701 2064 1850 2137 quo
1886 2043 2333 2136 stupefactus
2374 2049 2503 2117 est.
2543 2044 2631 2115 Et
2663 2042 2871 2116 dicit:
2907 2036 2968 2115 si
3007 2065 3195 2116 come

856 2171 1122 2236 mostra
1174 2167 1629 2256 esperimzia,
1681 2164 1854 2255 quia
1889 2163 1992 2236 sic
2041 2161 2377 2237 videmus
2411 2162 2503 2236 ad
2539 2163 2866 2255 oculum,
2913 2170 2978 2234 et
3007 2170 3182 2254 arte,

854 2282 1145 2377 scilicet,
1184 2283 1661 2378 prospectiva,
1698 2304 1868 2376 quae
1903 2283 2166 2377 partim
2207 2289 2482 2378 spectat
2515 2282 2607 2355 ad
2645 2282 3185 2377 philosophiam,

850 2403 1115 2498 partim
1169 2403 1260 2477 ad
1311 2402 1819 2501 geometriam.
1876 2403 1963 2475 Et
2012 2403 2129 2477 hic
2181 2412 2375 2497 nota,
2412 2402 2612 2497 quod
2654 2422 2876 2478 omne
2926 2423 3185 2497 corpus

849 2522 1112 2596 emittit
1162 2524 1254 2599 de
1305 2545 1384 2599 se
1438 2524 1677 2599 radios
1727 2523 1802 2597 in
1851 2544 2143 2616 aerem;
2192 2523 2318 2597 sed
2371 2523 2542 2617 quia
2576 2542 2708 2596 aer
2758 2529 2868 2597 est
2918 2544 3180 2619 corpus

846 2642 1218 2738 invisibile,
1257 2664 1404 2718 non
1439 2649 1794 2739 apparent
1824 2634 1934 2735 (²):
1975 2643 2100 2717 sed
2136 2642 2210 2715 in
2250 2642 2547 2737 speculo
2583 2642 3179 2736 multiplicantur,

844 2768 918 2837 et
956 2763 1268 2838 reddunt
1309 2764 1703 2862 imaginem
1740 2762 2228 2838 diversimode
2262 2768 2532 2855 tamen,
2567 2768 2645 2835 ut
2681 2768 2879 2856 patet
2916 2762 2990 2837 in
3024 2785 3185 2859 spe-

844 2882 1011 2957 culo
1062 2904 1394 2958 convexo
1446 2885 1662 2978 plano
1713 2889 1786 2957 et
1836 2903 2184 2957 concavo.
2223 2884 2311 2955 Et
2345 2883 2545 2977 ponit
2583 2881 2929 2956 effectum
2969 2884 3185 2957 huius

843 3003 1481 3096 reverberationiS,
1534 3003 1818 3077 dicens:
1865 3001 2122 3094 perche*
2168 3021 2215 3075 a
2260 3005 2505 3094 fuyyir
2564 3006 2638 3075 la
2691 3006 2835 3075 mia
2887 3006 3063 3076 vista
3106 3007 3187 3096 su

839 3129 1056 3212 ralla,
1110 3122 1282 3216 quia
1336 3123 1569 3195 virtus
1623 3121 1848 3195 visiva
1900 3121 2090 3196 oculi
2144 3121 2412 3195 infirmi
2458 3142 2606 3196 non
2641 3122 2872 3197 valuit
2917 3122 3183 3195 substi-

842 3262 1022 3315 nere
1083 3247 1365 3314 tantum
1438 3261 1826 3315 excessum
1889 3242 2310 3336 splendoris
2341 3284 2440 3296 —
2470 3245 2603 3314 Che
2662 3239 2719 3316 ἐ.
2781 3241 2907 3315 Hic
2970 3247 3180 3335 poeta

841 3360 1153 3434 ostendit
1187 3361 1502 3454 qualiter
1537 3361 1988 3455 stupefactus
2040 3362 2280 3436 subito
2317 3362 2655 3456 petiverit
2685 3353 2759 3455 (³)
2799 3363 2893 3437 de
2927 3382 3009 3435 re
3044 3362 3185 3435 mi-

841 3479 1071 3573 rabili,
1123 3479 1406 3554 dicens:
1469 3482 1634 3553 diss’
1659 3483 1756 3573 ic,
1819 3481 2112 3576 scilicet,
2163 3482 2501 3579 Virgilio:
2568 3503 2612 3554 o
2680 3486 2876 3556 dolce
2926 3485 3183 3576 padre,

837 3598 912 3672 in
963 3599 1187 3674 rebus
1238 3599 1433 3674 enim
1487 3599 1725 3673 dubiis
1767 3602 2094 3694 loquitur
2131 3602 2485 3696 blandiuS,
2540 3606 2659 3675 che
2693 3596 2733 3677 e*
2763 3607 2942 3695 quel,
2978 3602 3181 3697 idest,

835 3720 1056 3813 quale
1105 3720 1384 3813 lumen,
1427 3742 1476 3792 a
1526 3723 1645 3793 che
1688 3742 1833 3793 non
1860 3742 2075 3813 posso
2106 3724 2444 3796 schermir
2483 3726 2552 3795 lo
2593 3726 2764 3815 oisc,
2813 3723 3015 3815 idest,
3050 3723 3182 3797 de-

834 3839 1134 3915 fendere
1185 3859 1358 3913 cum
1413 3844 1563 3914 toto
1617 3846 1826 3914 scuto
1879 3841 2196 3935 solechii,
2249 3850 2442 3915 tanto
2483 3845 2603 3915 che
2641 3845 2740 3915 mi
2780 3846 3045 3934 vaylia,
3097 3848 3179 3915 ut

832 3961 1099 4054 possim
1156 3960 1521 4055 respicere
1571 3960 1689 4034 vel
1740 3981 2187 4056 cognoscere
2238 3962 2498 4057 ipsum.
2554 3964 2642 4036 Et
2692 3963 2903 4038 dicit:
2957 3984 2995 4034 e
3031 3983 3180 4056 par

831 4082 904 4152 in
939 4077 1061 4154 ver
1095 4101 1202 4152 me
1247 4101 1472 4152 essere
1521 4101 1770 4152 masse.
1826 4081 1915 4153 Et
1964 4082 2067 4155 sic
2120 4088 2278 4157 erat
2331 4083 2403 4156 in
2459 4083 2561 4158 rei
2618 4083 2951 4174 veritate,
3004 4084 3177 4176 quia

829 4199 1136 4296 angelus
1187 4199 1594 4272 luminosus
1649 4207 1849 4274 recte
1901 4200 2243 4277 veniebat
2292 4208 2548 4276 contra
2614 4223 2811 4277 eum.
2868 4202 2955 4274 Et
3010 4209 3180 4277 nota

829 4317 1028 4409 quod
1067 4336 1334 4413 magna
1366 4325 1529 4392 arte
1562 4325 1782 4392 autor
1816 4320 2194 4416 descripsit
2222 4311 2293 4413 (⁸)
2336 4322 2559 4396 istum
2597 4323 3005 4398 secundum
3043 4344 3180 4397 an-

951 4506 1006 4565 (¹)
1039 4505 1101 4555 13.
1137 4510 1285 4568 poeta
1318 4511 1513 4557 noster.
1783 4506 1838 4568 (¹)
1872 4508 1933 4557 B.
1968 4521 2073 4559 non
2104 4515 2352 4572 apparent
2383 4511 2513 4561 radii
2543 4510 2672 4570 eius,
2706 4510 2797 4560 sed
2830 4509 2882 4558 in
2915 4508 3143 4572 speculo.

952 4581 1005 4642 (⁸)
1036 4580 1087 4632 S·
1123 4582 1319 4644 petivit.
1788 4582 1843 4645 (⁴)
1878 4584 1928 4634 s,
1963 4585 2220 4637 describit.
