3704 5559
833 463 973 530 270
1551 474 1961 529 COMENTUM
2012 473 2449 529 PURGA'ronn

835 639 995 693 esse
1049 619 1281 716 magis
1333 626 1715 714 promptus
1767 619 1859 693 ad
1911 618 2439 693 absolvendum
2478 610 2549 709 (¹)
2605 638 2827 711 quam
2895 616 2988 690 ad
3050 637 3182 692 ne-

833 739 1158 835 gandum
1211 739 1768 814 absolutionem.
1823 738 1993 813 Ideo
2045 738 2320 833 optime
2369 736 2540 811 dicit
2581 736 3177 832 chrysostomus:

830 861 907 932 Si
981 864 1168 932 Deus
1245 860 1604 950 beniqnus,
1682 880 1906 950 quare
1979 861 2311 932 sacerdos
2387 860 2530 930 eius
2604 865 2922 930 austerus
2946 865 2983 930 ἲ
3054 858 3180 931 ubi

835 977 1027 1051 enim
1082 978 1601 1073 paterfamilias
1652 985 1762 1052 est
1813 978 2064 1075 largus
2098 973 2551 1071 dispensator
2586 997 2733 1050 non
2768 976 2984 1051 debet
3019 997 3181 1051 esse

834 1103 1051 1172 tenax
1081 1090 1180 1191 (²).
1234 1100 1464 1174 Debet
1515 1119 1695 1196 ergo
1732 1099 2060 1193 recipere
2093 1120 2138 1173 a
2174 1105 2559 1194 peccatore
2595 1097 2770 1170 illud
2811 1097 3010 1190 quod
3048 1118 3182 1193 po-

837 1224 975 1292 test
1029 1219 1146 1294 vel
1199 1221 1378 1314 vult,
1416 1225 1487 1294 et
1523 1241 1670 1293 non
1724 1240 2169 1315 exasperare
2202 1240 2376 1293 eum
2420 1217 2822 1292 dummodo
2866 1238 3011 1291 non
3047 1238 3179 1294 ve·

833 1337 983 1410 niat
1034 1360 1203 1412 cum
1260 1339 1638 1435 superbia3
1695 1340 1891 1413 unde
1940 1339 2155 1413 dicit:
2198 1359 2347 1431 pur
2396 1340 2514 1410 che
2565 1340 2637 1409 la
2683 1345 2881 1429 yeme
2914 1340 2990 1410 ai
3010 1340 3193 1431 pedi·

833 1460 929 1530 mi
964 1462 1020 1531 s'
1048 1462 1319 1552 atter-ri,
1357 1459 1560 1554 idest,
1601 1466 2012 1555 prosternat
2045 1480 2125 1534 se
2162 1459 2534 1532 humiliter
2568 1468 2821 1552 petens
2855 1457 3169 1532 veniam.

830 1619 929 1632 —
953 1582 1104 1651 Poi.
1144 1579 1272 1653 Hic
1304 1586 1518 1675 poeta
1562 1580 1794 1675 tangit
1828 1580 2281 1675 apertionem
2320 1586 2550 1673 portae
2585 1585 2660 1653 et
2702 1577 3195 1652 introductio--

831 1718 1000 1772 nem
1053 1719 1267 1772 suam
1318 1720 1492 1773 cum
1545 1700 1844 1774 consilio
1896 1699 2173 1796 angeli3
2210 1699 2408 1772 unde
2451 1698 2659 1771 dicit:
2698 1701 2857 1787 Poi,
2892 1696 3012 1772 ille
3044 1719 3179 1772 an-

832 1817 1061 1914 gelus,
1109 1823 1309 1912 pinse
1360 1823 1403 1893 l'
1426 1823 1615 1892 nscio
1666 1824 1813 1893 alla
1838 1828 2059 1911 porta
2091 1827 2406 1910 sacrata,
2444 1817 2736 1911 scilicet,
2772 1837 3034 1891 versus
3067 1818 3205 1892 in-·

834 1938 1180 2013 teriorem
1219 1961 1386 2033 quae
1421 1946 1687 2036 purgat
1721 1947 2042 2035 peccata,
2085 1942 2418 2012 dicendo:
2453 1942 2733 2029 intrate,
2779 1937 2951 2030 quia
2977 1938 3193 2034 J‘nste-

834 2058 1091 2153 petisti,
1128 2079 1208 2133 es
1259 2059 1522 2155 dignus
1572 2058 2107 2152 misericordia:
2145 2080 2263 2131 ma
2298 2060 2599 2152 facciovi
2646 2060 2931 2149 accorti,
2969 2057 3177 2151 quasi

831 2174 1066 2249 dicat:
1123 2177 1347 2252 reddo
1398 2198 1527 2252 vos
1575 2186 1855 2272 cautOS‚
1892 2181 2012 2250 che
2062 2182 2137 2251 di
2175 2183 2344 2271 fuer
2389 2186 2598 2250 torna
2637 2178 2746 2250 chi
2775 2179 3071 2250 ’ndiecro
3119 2180 3195 2251 εἰ·

829 2303 1073 2388 quala,
1144 2297 1347 2391 idest,
1421 2299 1875 2392 quicumque
1943 2305 2225 2390 temere
2296 2297 2585 2392 respicit
2653 2296 2783 2371 sibi
2853 2318 2899 2371 a
2967 2302 3177 2395 tergo

837 2415 1297 2491 exclauditur
1324 2409 1398 2511 (⁸)
1455 2425 1665 2493 extra
1717 2425 2004 2514 portam
2070 2425 2373 2492 sacratae
2425 2405 2754 2510 civ'itatiS,
2808 2418 3012 2509 quasi
3063 2418 3195 2491 di·-

833 2541 997 2609 cat:
1068 2538 1192 2631 qui
1263 2538 1613 2613 relabitur
1682 2539 1754 2612 in
1819 2546 2139 2633 peccata,
2210 2537 2494 2612 eiicitur
2558 2538 2650 2611 de
2720 2537 3172 2634 purgatorio,

832 2657 1005 2751 quia
1057 2660 1293 2733 omnis
1345 2660 1661 2735 recidiva
1713 2660 2033 2735 deterior
2085 2667 2194 2735 est
2246 2680 2379 2734 sua
2426 2658 2687 2733 radice.
2728 2659 2814 2731 Et
2854 2659 2970 2732 hic
3007 2664 3175 2734 nota

833 2779 1029 2873 quod
1083 2779 1214 2855 iste
1264 2782 1570 2878 angelus
1605 2763 1751 2855 non
1792 2782 2099 2877 imponit
2132 2782 2373 2855 autori
2408 2779 2625 2854 aliam
2669 2779 3173 2875 poenitentiam

835 2907 1111 2975 certam
1168 2900 1298 2975 nisi
1351 2902 1578 2994 illam,
1615 2924 1839 2996 quam
1884 2903 2210 2977 Christus
2262 2902 2606 2998 imposuit
2659 2900 2949 2975 mulieri
3002 2884 3209 2975 cum¹

831 3019 1054 3094 dixit:
1109 3024 1318 3112 Vade,
1355 3025 1749 3115 etamplius
1800 3025 1947 3094 noli
1984 3043 2306 3115 peccare,
2349 3023 2516 3095 licet
2565 3021 2700 3095 ista
2752 3021 2971 3095 suerit
3025 3041 3207 3095 ma--

837 3141 1032 3212 xima
1084 3140 1547 3235 poenitentia3
1600 3148 1837 3236 potest
1899 3142 2117 3215 etiam
2173 3140 2333 3235 dici,
2387 3140 2584 3234 quod
2652 3140 2995 3235 imposuit
3045 3138 3179 3214 sibi

837 3260 1334 3355 poenitentiam
1389 3261 1683 3354 quando
1737 3262 1990 3335 indixit
2018 3250 2089 3354 (⁴)
2156 3262 2287 3335 sibi
2357 3282 2578 3355 supra
2644 3261 2843 3354 quod
2904 3262 3213 3335 lavaret·

838 3380 958 3454 illa
1026 3387 1304 3475 septem
1367 3382 1678 3455 vulnera
1743 3402 1916 3456 cum
1972 3382 2313 3479 lacrymis
2377 3382 2973 3478 compunctionis.
3001 3385 3197 3455 -E·

837 3503 1141 3592 quanda.
1196 3501 1325 3575 Hic
1375 3508 1588 3596 poeta
1640 3502 1982 3576 describit
2032 3502 2532 3576 difficultatem
2589 3502 2794 3575 istius
2846 3502 3182 3576 introitus

835 3641 967 3715 per
1017 3642 1241 3694 unam
1297 3622 1613 3698 nobilem
1667 3622 2337 3717 comparationem:
2390 3630 2464 3697 et
2517 3624 2671 3697 vult
2716 3622 2959 3697 dicere
3009 3622 3201 3697 bre--

836 3741 1023 3815 viter
1075 3740 1271 3834 quod
1332 3742 1407 3814 in
1473 3747 1821 3836 apertura
1892 3741 2094 3815 istius
2153 3742 2405 3836 januae
2466 3743 2701 3818 sactus
2762 3748 2870 3817 est
2935 3748 3184 3817 tantus

837 3880 1061 3934 sonus
1102 3867 1175 3935 et
1210 3860 1496 3955 stridor,
1551 3868 1873 3954 quantus
1908 3862 2082 3935 olim
2121 3863 2352 3936 factus
2387 3871 2498 3938 est
2530 3865 2786 3938 Romae
2839 3862 2912 3935 in
2961 3883 3183 3959 aper-

837 3982 1032 4055 tione
1083 3981 1323 4055 aerarii
1377 3982 1563 4056 facta
1614 4003 1745 4077 per
1797 3983 2185 4058 Caesarem.
2225 3984 2331 4057 Ad
2373 3984 2584 4058 cuius
2620 3985 2728 4060 rei
2774 3984 3188 4081 intelligen-

835 4102 1011 4177 tiam
1081 4102 1300 4176 debes
1361 4101 1685 4178 breviter
1738 4103 1927 4178 scire
1988 4104 2206 4199 quod,
2278 4106 2467 4180 sicut
2532 4105 2779 4181 scribit
2845 4105 3187 4179 Lucanus

836 4221 1096 4295 diffuse
1130 4221 1203 4294 in
1255 4244 1389 4296 sua
1424 4223 1820 4318 Pharsalia,
1866 4224 2130 4319 Caesar,
2162 4225 2415 4322 fugato
2451 4226 2802 4321 Pompeio
2836 4226 2929 4301 de
2962 4225 3185 4319 Italia,

840 4361 1187 4415 reversus
1219 4343 1530 4417 Romam
1571 4343 1932 4418 ordinavit
1971 4346 2231 4420 urbem
2269 4347 2359 4420 ad
2398 4337 2712 4438 suum(⁵)
2749 4345 3075 4439 modum,
3111 4351 3189 4420 et

961 4515 1013 4575 (')
1050 4519 1157 4573 ¹¹7,
1192 4514 1514 4565 solvendum.
1654 4514 1709 4578 (²)
1743 4517 1803 4566 E.
1838 4522 1992 4568 tenax
2025 4519 2291 4570 sacerdos:
2323 4519 2476 4570 debet
2507 4532 2653 4582 ergo.

960 4589 1014 4648 (⁸)
1046 4591 1106 4639 E.
1138 4590 1450 4640 excluditur.
1654 4593 1710 4654 (⁶)
1746 4597 1855 4655 11⁷,
1881 4595 2033 4658 juuit
2065 4596 2180 4645 sibi.
2409 4596 2463 4658 (⁸)
2496 4596 2557 4647 E.
2591 4609 2746 4647 suum
2777 4607 2986 4655 nomen,
3017 4600 3073 4645 et
3104 4600 3180 4646 ut.
