3704 5559
1390 510 1666 566 CANTUS
1716 511 2047 576 QUINTUS.
2739 501 2872 566 141

535 655 917 751 pigrorum
966 654 1139 728 nihil
1191 655 1496 749 dixerat,
1536 656 1697 730 ideo
1752 676 1946 729 nunc
1998 656 2208 750 plene
2260 656 2374 730 hic
2425 656 2641 731 addit.
2695 657 2881 731 Dicit

534 796 714 871 ergo
767 776 1202 850 continuans
1252 796 1332 850 se
1381 775 1470 850 ad
1526 766 2056 871 praecedenti‘a:
2110 780 2191 848 Io
2249 797 2377 848 era
2436 768 2561 867 9ἱά
2608 781 2878 869 partito

531 899 630 970 da
677 898 879 989 quell’
905 896 1169 988 ombre,
1232 896 1526 984 scilicet,
1595 896 1890 969 illorum
1953 895 2336 991 pigrorum
2398 896 2523 988 qui
2589 897 2877 971 stabant

530 1037 703 1091 cum
767 1015 1095 1108 Bilaqua,
1147 1015 1321 1109 quia
1389 1016 1561 1088 satis
1626 1016 2013 1089 videbatur
2073 1014 2348 1090 dictum
2411 1016 2503 1090 de
2566 1016 2874 1090 materia

535 1141 686 1210 tam
736 1135 881 1228 vili,
946 1157 983 1208 e
1037 1138 1396 1226 sequitava
1457 1138 1501 1207 Γ
1529 1157 1724 1208 orme
1782 1139 1897 1209 del
1958 1139 2097 1209 mio
2160 1139 2367 1226 duca,
2419 1135 2692 1210 scilicet
2744 1156 2877 1209 ve-

532 1254 742 1351 stigia
792 1254 1067 1350 Virgilii
1120 1255 1247 1349 qui
1297 1255 1757 1349 praecedebat
1800 1276 1924 1330 me
1957 1277 2278 1349 sursum,
2316 1262 2390 1329 et
2435 1257 2745 1330 vocabat
2777 1257 2871 1329 ad

532 1374 865 1449 altiorem
900 1375 1308 1469 materiam,
1337 1377 1620 1466 quando
1653 1396 1823 1466 una,
1852 1375 2144 1449 illarum
2181 1376 2624 1469 animarum,
2657 1368 2869 1466 yrido

531 1496 799 1568 diretro
831 1515 881 1566 a
914 1515 1045 1584 me,
1097 1494 1285 1569 bene
1334 1494 1524 1586 dicit,
1578 1494 1751 1588 quia
1803 1495 1955 1590 ipse
1998 1495 2407 1587 recedebat,
2443 1502 2517 1569 et
2549 1495 2647 1568 illi
2683 1494 2868 1589 pigri

532 1614 1013 1688 remanebant
1060 1613 1134 1686 in
1184 1613 1507 1688 sessione
1557 1635 1716 1708 sua,
1751 1617 2154 1687 drizzando
2188 1618 2242 1687 il
2274 1617 2444 1704 dito,
2479 1614 2868 1689 ostendens

534 1753 657 1808 me
705 1732 882 1825 aliis,
918 1733 1089 1827 quia
1142 1734 1385 1807 nullus
1428 1733 1736 1807 istorum
1772 1732 2013 1807 adhuc
2053 1733 2536 1827 perpenderat
2568 1732 2661 1806 de
2696 1754 2866 1804 um-

528 1855 662 1930 bra
711 1853 894 1948 eiuS,
940 1853 1114 1947 quia
1164 1859 1375 1927 erant
1426 1854 1524 1928 ita
1578 1852 1750 1927 lenti
1803 1861 1877 1928 et
1926 1852 2112 1927 tardi
2161 1853 2408 1926 animo
2459 1852 2648 1931 sicut
2699 1873 2868 1925 cor-

440 1968 445 1973 ’
524 1994 725 2071 pore,
777 1979 854 2048 et
903 1973 1076 2067 quia
1125 1979 1403 2047 attente
1455 1979 1890 2047 notaverant
1930 1973 2169 2066 ipsum
2209 1974 2635 2065 loquentem
2687 1991 2859 2045 cum

526 2094 850 2188 Bilaqua.
905 2093 989 2166 Et
1039 2112 1213 2166 ecce
1261 2091 1436 2185 quid
1486 2091 1701 2165 dixit:
1757 2096 1884 2181 ve',
1919 2094 2039 2165 che
2069 2113 2213 2164 non
2236 2113 2384 2184 par
2417 2094 2536 2164 che
2569 2095 2638 2164 lo
2684 2111 2866 2180 ray-

524 2216 669 2305 9io,
721 2211 993 2286 scilicet
1050 2212 1243 2304 solis„
1302 2214 1397 2284 da
1460 2214 1774 2301 sinistra,
1828 2211 2033 2304 idest,
2086 2210 2211 2304 qui
2281 2215 2391 2285 est
2448 2232 2492 2284 a
2550 2210 2861 2302 sinistra,

527 2337 710 2425 heca,
760 2332 965 2425 idest,
1017 2333 1258 2405 luceat
1309 2331 1384 2403 in
1433 2330 1842 2421 dexteram,
1896 2352 1943 2403 a
1995 2334 2151 2422 quel
2197 2335 2272 2404 di
2317 2339 2521 2421 solt0,
2563 2338 2861 2425 propter

529 2453 871 2529 umbram
906 2451 1257 2546 corporiS,
1296 2461 1369 2526 et
1400 2471 1532 2544 per
1568 2472 2025 2544 consequens
2061 2452 2350 2525 videtur
2387 2452 2628 2545 vivus;
2667 2451 2863 2524 unde

521 2573 737 2649 dicit:
795 2593 834 2644 e
892 2593 1082 2644 come
1133 2574 1290 2644 vivo
1330 2593 1475 2662 par
1525 2573 1645 2643 che
1691 2574 1753 2642 si
1813 2573 2155 2659 conduca,
2209 2570 2631 2665 respirando
2689 2577 2854 2663 post

522 2692 788 2767 ducem
851 2712 1094 2765 suum.
1161 2690 1247 2763 Et
1313 2689 1624 2764 ostendit
1686 2696 1902 2785 poeta
1967 2689 2163 2782 quod
2223 2689 2432 2763 valde
2501 2687 2855 2784 placuerit

522 2812 656 2888 sibi
705 2812 956 2888 videre
1005 2819 1081 2886 et
1129 2811 1411 2904 audire,
1456 2809 1651 2904 quod
1705 2811 2105 2884 haberetur
2155 2810 2228 2883 in
2281 2816 2480 2882 tanta
2531 2810 2857 2884 admira-

523 2933 749 3027 tione3
805 2932 997 3007 unde
1048 2931 1262 3006 dicit:
1315 2934 1416 3022 qli
1463 2934 1654 3003 occini
1699 2933 1968 3023 rivolsi,
2010 2950 2186 3003 cum
2239 2930 2486 3003 animo
2541 2930 2729 3022 laeto,
2784 2933 2862 3001 al

521 3074 699 3127 mon
746 3055 822 3126 di
868 3058 1101 3144 questo
1161 3058 1396 3141 molle,
1461 3052 1659 3143 quod
1710 3050 2013 3123 cedebat
2082 3050 2151 3121 in
2222 3048 2515 3122 laudem
2585 3068 2858 3141 meam,

521 3193 569 3246 e
606 3175 814 3246 vidite
859 3175 1186 3263 quardar
1227 3193 1362 3263 per
1412 3173 1841 3261 meraviyliax
1864 3190 2011 3261 pur
2061 3190 2193 3258 me,
2229 3190 2372 3260 pur
2416 3190 2549 3259 me,
2586 3172 2661 3242 et
2695 3166 2863 3240 nul-

521 3292 679 3366 ium
728 3292 956 3367 alium
1008 3297 1304 3386 propter
1356 3290 1604 3382 vitam,
1642 3310 1680 3361 e
1702 3291 1754 3360 'l
1791 3292 1973 3360 lume
2021 3290 2122 3360 ch'
2147 3308 2277 3360 era
2310 3295 2520 3378 rollo,
2560 3294 2860 3382 propter

522 3412 891 3486 umbram.
942 3412 1031 3484 Et
1063 3410 1179 3485 bic
1215 3415 1408 3502 nota,
1446 3410 1696 3501 lector,
1734 3409 1933 3502 quod
1976 3408 2164 3481 istud
2203 3409 2627 3503 capitulum,
2663 3406 2859 3501 quod

526 3531 774 3606 multis
824 3529 1112 3604 videtur
1162 3531 1469 3622 clarum,
1507 3528 1725 3602 habet
1759 3528 1834 3601 in
1867 3548 1949 3601 se
1986 3528 2254 3601 multos
2292 3549 2546 3622 passus
2593 3527 2860 3601 obscu-

523 3672 668 3746 roS,
721 3656 807 3724 ut
853 3649 1144 3746 patebit.
1200 3649 1288 3725 Et
1337 3669 1511 3724 ecce
1559 3647 1799 3743 primo
1851 3668 1997 3721 non
2047 3648 2269 3722 debes
2313 3646 2716 3742 intelligere
2758 3646 2856 3720 ita

525 3767 755 3866 nude?
794 3770 992 3865 quod
1044 3770 1159 3845 isti
1210 3769 1659 3843 mirarentur
1708 3769 1801 3843 de
1851 3788 1965 3860 e0,
2018 3765 2216 3861 quod
2267 3772 2480 3861 poeta
2532 3772 2692 3840 erat
2747 3764 2857 3838 vi-

520 3913 683 3988 vus,
736 3897 812 3967 et
854 3890 1058 3992 ‚quod
1120 3891 1273 3985 ipse
1339 3889 1430 3964 de
1494 3891 1632 3962 hoc
1698 3887 2175 3984 gloriabatur,
2229 3892 2302 3960 et
2365 3885 2705 3981 Virgilius
2763 3884 2856 3958 de

458 4017 473 4040 ‘
519 4013 661 4089 hoc
693 4011 1054 4105 increpuit
1087 4031 1285 4086 eum.
1315 4009 1432 4083 Isti
1470 4007 1666 4083 enim
1704 4006 1970 4082 merito
2010 4005 2467 4080 mirabantur
2501 4003 2593 4077 de
2623 4003 2858 4078 Dante

520 4131 651 4228 qui
697 4136 861 4208 erat
908 4130 1122 4205 vivus
1173 4130 1361 4203 inter
1411 4135 1520 4202 tot
1582 4133 1936 4220 mortuos,
1991 4126 2164 4219 quia
2226 4132 2398 4199 ante
2460 4131 2747 4218 tempus
2777 4116 2850 4214 (¹)

522 4250 781 4327 morfis
828 4255 1134 4326 venerat
1182 4248 1275 4323 ad
1328 4246 1838 4344 purgatorium
1895 4245 1987 4320 ad
2038 4244 2568 4322 emendandam
2630 4243 2855 4318 vitam

519 4370 905 4464 vitiosam3
957 4369 1418 4443 mirabantur
1469 4366 1691 4441 etiam
1745 4364 1943 4459 quod
1995 4370 2157 4441 erat
2205 4363 2489 4459 sapiens
2527 4362 2717 4436 inter
2749 4369 2856 4435 tot

646 4622 702 4686 (¹)
734 4622 795 4673 E.
831 4626 1033 4685 tempus
1065 4625 1291 4672 venerat.
