3704 5559
1166 504 1443 558 CAN'rus
1495 503 1807 557 nummus
1858 502 2183 555 'mm-ms.
2710 488 2846 554 351

499 649 693 723 unde
742 647 950 721 dicit:
999 648 1055 719 il
1097 653 1331 738 poeta,
1366 646 1661 741 scilicet,
1715 667 2051 742 magnus,
2086 648 2516 735 rayionava,
2553 664 2850 719 mecum

499 770 615 844 vel
667 788 973 859 secum3
1024 769 1094 837 io
1147 772 1321 837 temo
1372 769 1491 839 che
1538 773 1789 839 nostra
1837 769 2063 855 cletta,
2116 765 2321 858 idest,
2367 764 2624 839 electio
2689 765 2849 858 viae,

499 878 684 962 αυνά
728 893 925 982 forse
959 893 1210 978 troppo
1246 888 1313 958 d'
1339 888 1652 976 inclamo,
1697 892 1772 959 et
1807 885 1909 959 sic
1948 885 2250 959 timebat
2298 885 2609 978 perdere
2662 891 2855 958 tem·
2975 905 2996 924 ·

497 1031 634 1104 pus
712 1007 1099 1098 inutiliter,
1176 1024 1327 1099 quo
1403 1005 1577 1079 nihil
1653 1012 1814 1080 erat
1895 1004 2267 1079 molestius
2342 1003 2510 1098 sibi,
2587 1026 2661 1076 se
2734 1008 2854 1096 qui

500 1133 557 1201 s'
583 1135 872 1220 aspella,
924 1126 1193 1200 scilicet
1260 1147 1303 1199 a
1378 1125 1605 1220 nobiS,
1655 1135 1854 1217 yente
1907 1147 2043 1217 per
2107 1127 2520 1215 dimandar,
2589 1125 2681 1199 de
2712 1124 2857 1196 'iti-

501 1269 700 1323 nere.
755 1249 842 1320 Et
891 1248 1007 1321 hic
1060 1253 1230 1320 nota
1283 1246 1478 1338 quod
1531 1252 1746 1340 poeta
1797 1265 1933 1339 pro
1986 1251 2188 1317 tanto
2240 1246 2378 1318 hoc
2429 1244 2622 1338 dicit,
2676 1244 2850 1338 quia

502 1367 720 1442 invidi
772 1366 896 1460 qui
949 1365 1355 1460 puniuntur
1406 1363 1479 1436 in
1533 1364 1670 1437 isto
1720 1364 1998 1438 circulo
2052 1368 2266 1437 erant
2302 1363 2620 1436 multum
2660 1362 2852 1436 intra

503 1486 696 1561 viam
761 1487 978 1581 longe
1038 1485 1134 1558 ab
1196 1484 1334 1557 isto
1396 1483 1595 1556 initio
1647 1490 1723 1556 et
1771 1482 2074 1556 introitu
2133 1503 2265 1576 per
2326 1482 2659 1575 milliare,
2714 1501 2850 1556 nec
2885 1489 2902 1504 ‘

501 1607 701 1681 ibant
765 1605 1111 1680 velociter
1175 1605 1292 1678 vel
1361 1605 1579 1697 lente,
1647 1603 1835 1676 sicut
1897 1603 2190 1697 superbi
2255 1602 2380 1696 qui
2447 1603 2853 1677 docuerant

507 1745 632 1799 eos
668 1725 981 1820 primam
1019 1723 1239 1817 viam,
1277 1728 1350 1797 et
1384 1721 1749 1797 habebant
1784 1722 2036 1796 oculos
2076 1723 2381 1797 clausos,
2411 1763 2510 1776 -—
2534 1725 2685 1794 Poi.
2723 1721 2854 1795 Hic

507 1852 719 1940 poeta
770 1843 1076 1917 ostendit
1130 1843 1502 1935 quomodo
1555 1842 1895 1936 Virgilius
1958 1863 2102 1915 non
2167 1842 2418 1915 valens
2478 1841 2577 1916 ibi
2641 1862 2853 1937 repe-

507 1963 655 2038 rire
706 1962 1085 2037 consilium
1139 1963 1548 2034 humanum
1605 1961 1920 2035 recurrit
1967 1961 2060 2035 ad
2100 1961 2458 2035 auxilium
2495 1961 2849 2055 divinum,

511 2103 660 2176 quo
694 2081 1137 2177 dirigeretur
1170 2081 1244 2153 in
1280 2080 1475 2154 viam
1516 2088 1792 2173 rectam
1844 2080 1937 2154 ad
1991 2079 2563 2176 investigandam
2602 2082 2855 2154 occul-

513 2209 662 2275 tam
717 2185 1117 2274 'materiam
1182 2199 1637 2293 invidorum3
1691 2200 1886 2273 unde
1936 2199 2149 2273 dicit:
2204 2206 2278 2273 et
2335 2200 2456 2274 ille
2514 2200 2856 2296 Virgilius

507 2324 632 2413 poi
673 2342 886 2413 porse
940 2322 1042 2411 ¹qli
1108 2322 1324 2411 ocelli,
1377 2319 1668 2413 scilicet,
1731 2318 2276 2414 intellectuales,
2332 2323 2726 2412 fissamente
2784 2325 2862 2394 al

509 2444 677 2532 sole,
731 2447 814 2513 ut
864 2446 1157 2514 oraret:
1227 2445 1299 2514 et
1361 2439 1681 2537 intellige
1744 2439 1835 2512 ad
1906 2439 2135 2514 solem
2187 2439 2485 2533 justitiae
2555 2439 2679 2532 qui
2745 2447 2858 2513 est

512 2562 753 2655 Deus3
807 2566 882 2634 et
930 2580 1103 2634 ecce
1156 2560 1528 2653 quomodo
1581 2559 1806 2634 volvit
1838 2579 1952 2633 se:
1983 2564 2131 2653 fece
2169 2566 2406 2631 centro
2457 2562 2572 2631 del
2618 2562 2854 2632 deslro

517 2685 658 2754 lato
686 2683 764 2752 al
784 2700 1063 2772 mover,·
1100 2680 1259 2752 vult
1299 2678 1566 2772 dicere,
1609 2677 1804 2771 quod
1842 2678 1969 2751 ubi
2010 2678 2248 2773 primo
2287 2678 2436 2752 ibat
2475 2679 2566 2751 ad
2601 2678 2856 2752 dexte-

514 2821 673 2874 ram
726 2800 993 2873 montis
1046 2800 1354 2873 revolvit
1405 2819 1483 2873 se
1536 2798 1992 2873 circulariter
2057 2819 2278 2892 super
2347 2798 2531 2891 pede
2593 2798 2855 2872 dextro

514 2919 606 2992 ad
658 2919 1022 2992 sinistram
1074 2938 1333 2992 versus
1384 2918 1787 3011 orientem3
1850 2918 2047 2991 unde
2096 2916 2304 2990 dicit:
2359 2938 2395 2988 e
2446 2921 2520 2990 la
2567 2920 2859 2990 sinislra

505 3018 718 3131 parte
779 3041 854 3111 di
911 3032 992 3110 se*
1060 3045 1268 3129 torse,
1347 3038 1540 3112 circa
1609 3037 1785 3111 illud
1847 3042 2188 3111 centrum
2267 3037 2617 3130 dexterae,
2688 3037 2856 3130 quia

514 3157 805 3251 scilicet,
857 3177 1028 3231 cum
1084 3157 1373 3230 sinistro
1423 3157 1631 3251 pede,
1686 3157 2046 3230 volvendo
2097 3176 2200 3250 se,
2253 3155 2416 3229 fecit
2466 3155 2860 3230 circumfe-

514 3276 825 3350 rentiam
878 3275 1069 3350 dicto
1120 3284 1396 3350 centro.
1452 3277 1537 3348 Et
1589 3277 1746 3350 vult
1796 3275 2044 3350 dicere
2094 3274 2453 3349 subtiliter
2505 3275 2699 3368 quod
2751 3274 2862 3348 di-

516 3396 705 3470 rexit
745 3417 873 3470 cor
914 3417 1161 3489 suum,
1192 3396 1388 3488 quod
1423 3402 1565 3468 stat
1600 3396 1672 3468 in
1709 3395 2020 3487 sinistra,
2059 3415 2317 3469 versus
2358 3395 2610 3488 solem,
2654 3395 2861 3489 idest,

516 3515 776 3608 Deum,
817 3515 909 3589 ad
946 3515 1479 3610 implorandam
1523 3514 1860 3610 gratiam.
1898 3515 1985 3587 Et
2020 3514 2136 3588 hic
2176 3521 2371 3607 nota,
2409 3514 2605 3607 quod
2648 3521 2862 3607 poeta

516 3643 765 3710 noster
818 3656 963 3709 non
1014 3641 1303 3730 poterat
1350 3635 1629 3709 intrare
1682 3635 1894 3708 istam
1949 3635 2141 3707 viam
2178 3655 2350 3707 cum
2387 3633 2661 3707 auxilio
2696 3633 2863 3706 Vir-

517 3754 688 3850 gilii,
740 3755 922 3829 idest
973 3755 1294 3849 rationiS,
1360 3755 1486 3830 sed
1537 3754 1812 3828 auxilio
1875 3753 2130 3849 gratiae
2182 3753 2665 3846 cooperantiS,
2707 3752 2862 3826 sine

519 3896 669 3969 qua
720 3895 866 3948 non
918 3876 1266 3969 potuisset
1318 3883 1636 3950 tractare
1683 3875 1775 3948 de
1827 3874 1964 3947 isto
2016 3873 2189 3947 vitio
2243 3873 2476 3968 magis
2518 3892 2744 3966 quam
2787 3871 2862 3942 in

518 3994 824 4087 inferno,
878 3993 1004 4067 ubi
1058 3994 1230 4067 nihil
1281 3994 1569 4068 dixerat
1618 3993 1710 4067 de
1751 4013 1867 4087 eo,
1903 3992 2075 4085 quia
2127 3992 2248 4066 ille
2299 4011 2443 4064 non
2496 3997 2607 4064 est
2657 3991 2863 4064 locus

519 4112 796 4210 gratiae,
852 4112 977 4185 ubi
1028 4113 1250 4207 possit
1298 4112 1551 4187 haberi
1587 4113 1800 4206 plena
1836 4110 2153 4206 cognitio
2188 4117 2261 4185 et
2294 4109 2654 4183 distinctio
2690 4129 2865 4205 pec-

521 4238 883 4326 catorum,
948 4252 1116 4326 quae
1181 4233 1496 4307 habetur
1563 4232 1637 4305 in
1700 4230 2278 4327 purgatorio.—
2313 4234 2393 4303 Ο.
2458 4230 2589 4304 Hic
2647 4237 2862 4325 poeta

519 4351 718 4445 ponit
769 4351 1112 4426 devotam
1164 4353 1573 4427 orationem
1634 4351 1911 4447 Virgilii
1977 4351 2070 4423 ad
2136 4351 2391 4443 solem,
2444 4350 2736 4424 dicens:
2792 4357 2866 4426 et

521 4468 642 4544 ille
690 4469 1033 4566 Virgilius
1082 4474 1278 4544 dicea
1303 4497 1326 4543 .·
1387 4494 1432 4544 ο
1494 4473 1689 4544 dolce
1740 4475 1944 4563 lume,
2014 4471 2267 4545 lumen
2320 4469 2489 4544 solis
2541 4476 2653 4544 est
2711 4470 2863 4565 ipsa

521 4589 757 4687 gratia
810 4590 937 4664 Dei
991 4611 1160 4685 quae
1218 4591 1579 4666 illuminat
1640 4610 1940 4666 omnem
2006 4591 2379 4665 hominem
2446 4589 2861 4666 venientem
