<?xml version="1.0" encoding="UTF-8"?>
<!DOCTYPE html PUBLIC "-//W3C//DTD XHTML 1.0 Transitional//EN"
    "http://www.w3.org/TR/xhtml1/DTD/xhtml1-transitional.dtd">
<html xmlns="http://www.w3.org/1999/xhtml" xml:lang="en" lang="en">
 <head>
  <title>
</title>
<meta http-equiv="Content-Type" content="text/html;charset=utf-8" />
  <meta name='ocr-system' content='tesseract 3.04.00' />
  <meta name='ocr-capabilities' content='ocr_page ocr_carea ocr_par ocr_line ocrx_word'/>
</head>
<body>
  <div class='ocr_page' id='page_1' title='image "benvenutideramb00lacagoog_0533.png"; bbox 0 0 3704 5559; ppageno 0'>
   <div class='ocr_carea' id='block_1_1' title="bbox 1294 476 2825 543">
    <p class='ocr_par' dir='ltr' id='par_1_1' title="bbox 1294 476 2825 543">
     <span class='ocr_line' id='line_1_1' title="bbox 1294 476 2825 543; baseline -0.001 -3"><span class='ocrx_word' id='word_1_1' title='bbox 1294 489 1571 543; x_wconf 77' lang='lat' dir='ltr'>CANTUS</span> <span class='ocrx_word' id='word_1_2' title='bbox 1623 489 1917 543; x_wconf 81' lang='lat' dir='ltr'>VIGESIM</span> <span class='ocrx_word' id='word_1_3' title='bbox 1925 488 2025 542; x_wconf 89' lang='lat' dir='ltr'>US.</span> <span class='ocrx_word' id='word_1_4' title='bbox 2690 477 2781 540; x_wconf 76' lang='lat'>52</span> <span class='ocrx_word' id='word_1_5' title='bbox 2793 476 2825 539; x_wconf 88' lang='lat'>1</span> 
     </span>
    </p>
   </div>
   <div class='ocr_carea' id='block_1_2' title="bbox 488 633 2842 4447">
    <p class='ocr_par' dir='ltr' id='par_1_2' title="bbox 488 633 2842 4447">
     <span class='ocr_line' id='line_1_2' title="bbox 488 633 2832 729; baseline -0.001 -19"><span class='ocrx_word' id='word_1_6' title='bbox 488 634 817 710; x_wconf 90' lang='lat' dir='ltr'>omnium</span> <span class='ocrx_word' id='word_1_7' title='bbox 874 633 1266 706; x_wconf 90' lang='lat' dir='ltr'>malorum.</span> <span class='ocrx_word' id='word_1_8' title='bbox 1295 638 1575 706; x_wconf 82' lang='lat' dir='ltr'>—Noi.</span> <span class='ocrx_word' id='word_1_9' title='bbox 1621 635 1829 707; x_wconf 92' lang='lat' dir='ltr'>Nunc</span> <span class='ocrx_word' id='word_1_10' title='bbox 1865 641 2080 729; x_wconf 87' lang='lat' dir='ltr'>poeta</span> <span class='ocrx_word' id='word_1_11' title='bbox 2127 634 2472 708; x_wconf 89' lang='lat' dir='ltr'>damnata</span> <span class='ocrx_word' id='word_1_12' title='bbox 2524 634 2832 708; x_wconf 88' lang='lat' dir='ltr'>avaritia</span> 
     </span>
     <span class='ocr_line' id='line_1_3' title="bbox 491 752 2833 849; baseline -0.002 -20"><span class='ocrx_word' id='word_1_13' title='bbox 491 753 792 829; x_wconf 82' lang='lat' dir='ltr'>intendit</span> <span class='ocrx_word' id='word_1_14' title='bbox 833 752 1356 826; x_wconf 90' lang='lat' dir='ltr'>commendare</span> <span class='ocrx_word' id='word_1_15' title='bbox 1392 753 1882 827; x_wconf 82' lang='lat' dir='ltr'>voluntariam</span> <span class='ocrx_word' id='word_1_16' title='bbox 1921 759 2433 847; x_wconf 81' lang='lat' dir='ltr'>paupertatem</span> <span class='ocrx_word' id='word_1_17' title='bbox 2487 759 2561 828; x_wconf 94' lang='lat' dir='ltr'>et</span> <span class='ocrx_word' id='word_1_18' title='bbox 2610 752 2833 849; x_wconf 90' lang='lat' dir='ltr'>largi-</span> 
     </span>
     <span class='ocr_line' id='line_1_4' title="bbox 492 870 2832 969; baseline -0.002 -19"><span class='ocrx_word' id='word_1_19' title='bbox 492 880 715 950; x_wconf 79' lang='lat' dir='ltr'>tatem</span> <span class='ocrx_word' id='word_1_20' title='bbox 778 872 1018 945; x_wconf 92' lang='lat' dir='ltr'>simul.</span> <span class='ocrx_word' id='word_1_21' title='bbox 1072 872 1160 943; x_wconf 89' lang='lat' dir='ltr'>Et</span> <span class='ocrx_word' id='word_1_22' title='bbox 1226 870 1466 966; x_wconf 91' lang='lat' dir='ltr'>primo</span> <span class='ocrx_word' id='word_1_23' title='bbox 1527 873 1758 969; x_wconf 90' lang='lat' dir='ltr'>tangit</span> <span class='ocrx_word' id='word_1_24' title='bbox 1816 893 2030 946; x_wconf 90' lang='lat' dir='ltr'>suam</span> <span class='ocrx_word' id='word_1_25' title='bbox 2101 874 2575 949; x_wconf 83' lang='lat' dir='ltr'>attentionem</span> <span class='ocrx_word' id='word_1_26' title='bbox 2638 873 2832 946; x_wconf 89' lang='lat' dir='ltr'>circa</span> 
     </span>
     <span class='ocr_line' id='line_1_5' title="bbox 490 991 2831 1086; baseline -0.001 -19"><span class='ocrx_word' id='word_1_27' title='bbox 490 995 653 1083; x_wconf 90' lang='lat' dir='ltr'>hoc,</span> <span class='ocrx_word' id='word_1_28' title='bbox 705 991 989 1065; x_wconf 90' lang='lat' dir='ltr'>dicens:</span> <span class='ocrx_word' id='word_1_29' title='bbox 1046 994 1184 1063; x_wconf 83' lang='lat' dir='ltr'>Noi</span> <span class='ocrx_word' id='word_1_30' title='bbox 1245 994 1605 1065; x_wconf 81' lang='lat' dir='ltr'>andavam</span> <span class='ocrx_word' id='word_1_31' title='bbox 1669 995 1779 1064; x_wconf 85' lang='lat' dir='ltr'>coi</span> <span class='ocrx_word' id='word_1_32' title='bbox 1832 995 2033 1084; x_wconf 82' lang='lat' dir='ltr'>passi</span> <span class='ocrx_word' id='word_1_33' title='bbox 2097 996 2259 1065; x_wconf 83' lang='lat' dir='ltr'>lenti</span> <span class='ocrx_word' id='word_1_34' title='bbox 2309 1016 2346 1066; x_wconf 85' lang='lat' dir='ltr'>e</span> <span class='ocrx_word' id='word_1_35' title='bbox 2394 995 2646 1084; x_wconf 78' lang='lat' dir='ltr'>scarsi,</span> <span class='ocrx_word' id='word_1_36' title='bbox 2698 1013 2831 1086; x_wconf 86' lang='lat' dir='ltr'>per</span> 
     </span>
     <span class='ocr_line' id='line_1_6' title="bbox 491 1105 2824 1207; baseline -0.001 -22"><span class='ocrx_word' id='word_1_37' title='bbox 491 1113 686 1186; x_wconf 89' lang='lat' dir='ltr'>illam</span> <span class='ocrx_word' id='word_1_38' title='bbox 748 1111 942 1185; x_wconf 81' lang='lat' dir='ltr'>viam</span> <span class='ocrx_word' id='word_1_39' title='bbox 1003 1118 1416 1207; x_wconf 87' lang='lat' dir='ltr'>angustam,</span> <span class='ocrx_word' id='word_1_40' title='bbox 1476 1112 1689 1185; x_wconf 90' lang='lat' dir='ltr'>cuius</span> <span class='ocrx_word' id='word_1_41' title='bbox 1750 1112 2204 1185; x_wconf 88' lang='lat' dir='ltr'>contrarium</span> <span class='ocrx_word' id='word_1_42' title='bbox 2277 1112 2588 1187; x_wconf 84' lang='lat' dir='ltr'>faciebat</span> <span class='ocrx_word' id='word_1_43' title='bbox 2648 1113 2720 1184; x_wconf 98' lang='lat' dir='ltr'>in</span> <span class='ocrx_word' id='word_1_44' title='bbox 2751 1105 2824 1202; x_wconf 79' lang='lat'>(¹)</span> 
     </span>
     <span class='ocr_line' id='line_1_7' title="bbox 493 1230 2829 1325; baseline -0.001 -20"><span class='ocrx_word' id='word_1_45' title='bbox 493 1232 767 1306; x_wconf 89' lang='lat' dir='ltr'>circulo</span> <span class='ocrx_word' id='word_1_46' title='bbox 800 1231 1262 1325; x_wconf 84' lang='lat' dir='ltr'>praecedenti,</span> <span class='ocrx_word' id='word_1_47' title='bbox 1295 1230 1464 1324; x_wconf 90' lang='lat' dir='ltr'>quia</span> <span class='ocrx_word' id='word_1_48' title='bbox 1499 1230 1832 1304; x_wconf 90' lang='lat' dir='ltr'>accidiosi</span> <span class='ocrx_word' id='word_1_49' title='bbox 1876 1237 2046 1303; x_wconf 89' lang='lat' dir='ltr'>sunt</span> <span class='ocrx_word' id='word_1_50' title='bbox 2090 1230 2161 1303; x_wconf 94' lang='lat' dir='ltr'>in</span> <span class='ocrx_word' id='word_1_51' title='bbox 2199 1231 2545 1304; x_wconf 89' lang='lat' dir='ltr'>continuo</span> <span class='ocrx_word' id='word_1_52' title='bbox 2580 1251 2829 1324; x_wconf 90' lang='lat' dir='ltr'>cursu,</span> 
     </span>
     <span class='ocr_line' id='line_1_8' title="bbox 493 1351 2832 1444; baseline -0.001 -19"><span class='ocrx_word' id='word_1_53' title='bbox 493 1351 694 1425; x_wconf 86' lang='lat' dir='ltr'>avari</span> <span class='ocrx_word' id='word_1_54' title='bbox 748 1371 928 1425; x_wconf 86' lang='lat' dir='ltr'>vero</span> <span class='ocrx_word' id='word_1_55' title='bbox 982 1369 1127 1423; x_wconf 91' lang='lat' dir='ltr'>non</span> <span class='ocrx_word' id='word_1_56' title='bbox 1179 1357 1611 1444; x_wconf 83' lang='lat' dir='ltr'>moventur3</span> <span class='ocrx_word' id='word_1_57' title='bbox 1665 1357 1729 1423; x_wconf 81' lang='lat' dir='ltr'>et</span> <span class='ocrx_word' id='word_1_58' title='bbox 1774 1353 1844 1423; x_wconf 86' lang='lat' dir='ltr'>io</span> <span class='ocrx_word' id='word_1_59' title='bbox 1897 1358 2153 1423; x_wconf 78' lang='lat' dir='ltr'>attento</span> <span class='ocrx_word' id='word_1_60' title='bbox 2219 1354 2335 1423; x_wconf 85' lang='lat' dir='ltr'>all’</span> <span class='ocrx_word' id='word_1_61' title='bbox 2356 1352 2594 1424; x_wconf 81' lang='lat' dir='ltr'>ombre</span> <span class='ocrx_word' id='word_1_62' title='bbox 2643 1354 2744 1423; x_wconf 76' lang='lat' dir='ltr'>clz’</span> <span class='ocrx_word' id='word_1_63' title='bbox 2762 1354 2832 1422; x_wconf 84' lang='lat' dir='ltr'>io</span> 
     </span>
     <span class='ocr_line' id='line_1_9' title="bbox 489 1473 2833 1567; baseline 0.001 -24"><span class='ocrx_word' id='word_1_64' title='bbox 489 1476 711 1543; x_wconf 81' lang='lat' dir='ltr'>sentia</span> <span class='ocrx_word' id='word_1_65' title='bbox 754 1474 1244 1563; x_wconf 78' lang='lat' dir='ltr'>pietosamente</span> <span class='ocrx_word' id='word_1_66' title='bbox 1286 1474 1626 1563; x_wconf 76' lang='lat' dir='ltr'>piaynere</span> <span class='ocrx_word' id='word_1_67' title='bbox 1675 1494 1712 1543; x_wconf 84' lang='lat' dir='ltr'>e</span> <span class='ocrx_word' id='word_1_68' title='bbox 1761 1475 2112 1562; x_wconf 72' lang='lat' dir='ltr'>laynarsi,</span> <span class='ocrx_word' id='word_1_69' title='bbox 2175 1473 2302 1545; x_wconf 93' lang='lat' dir='ltr'>ubi</span> <span class='ocrx_word' id='word_1_70' title='bbox 2371 1473 2591 1567; x_wconf 90' lang='lat' dir='ltr'>impie</span> <span class='ocrx_word' id='word_1_71' title='bbox 2643 1474 2833 1547; x_wconf 93' lang='lat' dir='ltr'>sole-</span> 
     </span>
     <span class='ocr_line' id='line_1_10' title="bbox 493 1590 2835 1686; baseline 0 -21"><span class='ocrx_word' id='word_1_72' title='bbox 493 1592 665 1665; x_wconf 87' lang='lat' dir='ltr'>bant</span> <span class='ocrx_word' id='word_1_73' title='bbox 715 1591 787 1663; x_wconf 94' lang='lat' dir='ltr'>in</span> <span class='ocrx_word' id='word_1_74' title='bbox 839 1591 986 1664; x_wconf 87' lang='lat' dir='ltr'>vita</span> <span class='ocrx_word' id='word_1_75' title='bbox 1037 1591 1331 1685; x_wconf 89' lang='lat' dir='ltr'>plorare</span> <span class='ocrx_word' id='word_1_76' title='bbox 1382 1597 1456 1664; x_wconf 94' lang='lat' dir='ltr'>et</span> <span class='ocrx_word' id='word_1_77' title='bbox 1505 1591 1885 1686; x_wconf 83' lang='lat' dir='ltr'>conqueri,</span> <span class='ocrx_word' id='word_1_78' title='bbox 1940 1590 2136 1684; x_wconf 90' lang='lat' dir='ltr'>quod</span> <span class='ocrx_word' id='word_1_79' title='bbox 2187 1612 2453 1685; x_wconf 90' lang='lat' dir='ltr'>parum</span> <span class='ocrx_word' id='word_1_80' title='bbox 2503 1593 2619 1666; x_wconf 80' lang='lat' dir='ltr'>vel</span> <span class='ocrx_word' id='word_1_81' title='bbox 2660 1592 2835 1665; x_wconf 91' lang='lat' dir='ltr'>nihil</span> 
     </span>
     <span class='ocr_line' id='line_1_11' title="bbox 496 1711 2834 1806; baseline 0.001 -22"><span class='ocrx_word' id='word_1_82' title='bbox 496 1712 876 1786; x_wconf 87' lang='lat' dir='ltr'>habebant.</span> <span class='ocrx_word' id='word_1_83' title='bbox 930 1712 1018 1783; x_wconf 89' lang='lat' dir='ltr'>Et</span> <span class='ocrx_word' id='word_1_84' title='bbox 1069 1712 1311 1785; x_wconf 89' lang='lat' dir='ltr'>subdit</span> <span class='ocrx_word' id='word_1_85' title='bbox 1363 1711 1537 1804; x_wconf 89' lang='lat' dir='ltr'>quid</span> <span class='ocrx_word' id='word_1_86' title='bbox 1594 1712 1931 1786; x_wconf 89' lang='lat' dir='ltr'>dicebant</span> <span class='ocrx_word' id='word_1_87' title='bbox 1981 1712 2055 1784; x_wconf 91' lang='lat' dir='ltr'>in</span> <span class='ocrx_word' id='word_1_88' title='bbox 2105 1712 2423 1806; x_wconf 86' lang='lat' dir='ltr'>planctu,</span> <span class='ocrx_word' id='word_1_89' title='bbox 2479 1713 2651 1805; x_wconf 90' lang='lat' dir='ltr'>quia</span> <span class='ocrx_word' id='word_1_90' title='bbox 2703 1712 2834 1786; x_wconf 91' lang='lat' dir='ltr'>de-</span> 
     </span>
     <span class='ocr_line' id='line_1_12' title="bbox 493 1831 2835 1926; baseline 0 -21"><span class='ocrx_word' id='word_1_91' title='bbox 493 1832 881 1905; x_wconf 88' lang='lat' dir='ltr'>cantabant</span> <span class='ocrx_word' id='word_1_92' title='bbox 924 1837 1248 1904; x_wconf 87' lang='lat' dir='ltr'>sanctam</span> <span class='ocrx_word' id='word_1_93' title='bbox 1285 1838 1794 1926; x_wconf 87' lang='lat' dir='ltr'>paupertatem</span> <span class='ocrx_word' id='word_1_94' title='bbox 1833 1831 2110 1924; x_wconf 82' lang='lat' dir='ltr'>Mariae3</span> <span class='ocrx_word' id='word_1_95' title='bbox 2152 1831 2345 1905; x_wconf 91' lang='lat' dir='ltr'>unde</span> <span class='ocrx_word' id='word_1_96' title='bbox 2379 1831 2581 1905; x_wconf 90' lang='lat' dir='ltr'>dicit:</span> <span class='ocrx_word' id='word_1_97' title='bbox 2635 1854 2672 1904; x_wconf 84' lang='lat' dir='ltr'>e</span> <span class='ocrx_word' id='word_1_98' title='bbox 2698 1854 2835 1924; x_wconf 84' lang='lat' dir='ltr'>per</span> 
     </span>
     <span class='ocr_line' id='line_1_13' title="bbox 495 1954 2826 2045; baseline 0 -22"><span class='ocrx_word' id='word_1_99' title='bbox 495 1960 787 2024; x_wconf 77' lang='lat' dir='ltr'>ventura</span> <span class='ocrx_word' id='word_1_100' title='bbox 820 1954 960 2024; x_wconf 83' lang='lat' dir='ltr'>udi’</span> <span class='ocrx_word' id='word_1_101' title='bbox 975 1954 1292 2024; x_wconf 78' lang='lat' dir='ltr'>chiamar</span> <span class='ocrx_word' id='word_1_102' title='bbox 1325 1956 1443 2024; x_wconf 77' lang='lat' dir='ltr'>nel</span> <span class='ocrx_word' id='word_1_103' title='bbox 1463 1955 1713 2045; x_wconf 81' lang='lat' dir='ltr'>pianto</span> <span class='ocrx_word' id='word_1_104' title='bbox 1748 1954 2043 2027; x_wconf 77' lang='lat' dir='ltr'>dinanzi</span> <span class='ocrx_word' id='word_1_105' title='bbox 2076 1973 2123 2023; x_wconf 88' lang='lat' dir='ltr'>a</span> <span class='ocrx_word' id='word_1_106' title='bbox 2158 1954 2311 2024; x_wconf 83' lang='lat' dir='ltr'>noi.-</span> <span class='ocrx_word' id='word_1_107' title='bbox 2338 1954 2531 2025; x_wconf 83' lang='lat' dir='ltr'>dolce</span> <span class='ocrx_word' id='word_1_108' title='bbox 2563 1956 2826 2026; x_wconf 73' lang='lat' dir='ltr'>Maria.</span> 
     </span>
     <span class='ocr_line' id='line_1_14' title="bbox 493 2072 2829 2168; baseline 0.001 -24"><span class='ocrx_word' id='word_1_109' title='bbox 493 2073 621 2146; x_wconf 89' lang='lat' dir='ltr'>Hic</span> <span class='ocrx_word' id='word_1_110' title='bbox 673 2072 799 2166; x_wconf 91' lang='lat' dir='ltr'>qui</span> <span class='ocrx_word' id='word_1_111' title='bbox 850 2072 1216 2147; x_wconf 89' lang='lat' dir='ltr'>clamabat</span> <span class='ocrx_word' id='word_1_112' title='bbox 1266 2079 1428 2147; x_wconf 89' lang='lat' dir='ltr'>erat</span> <span class='ocrx_word' id='word_1_113' title='bbox 1478 2073 1773 2168; x_wconf 90' lang='lat' dir='ltr'>spiritus</span> <span class='ocrx_word' id='word_1_114' title='bbox 1806 2073 2133 2168; x_wconf 89' lang='lat' dir='ltr'>Hugonis</span> <span class='ocrx_word' id='word_1_115' title='bbox 2176 2072 2541 2167; x_wconf 85' lang='lat' dir='ltr'>Ciapettae,</span> <span class='ocrx_word' id='word_1_116' title='bbox 2584 2080 2665 2146; x_wconf 95' lang='lat' dir='ltr'>ut</span> <span class='ocrx_word' id='word_1_117' title='bbox 2698 2094 2829 2168; x_wconf 89' lang='lat' dir='ltr'>pa-</span> 
     </span>
     <span class='ocr_line' id='line_1_15' title="bbox 494 2185 2835 2286; baseline 0 -21"><span class='ocrx_word' id='word_1_118' title='bbox 494 2191 671 2265; x_wconf 88' lang='lat' dir='ltr'>tebit</span> <span class='ocrx_word' id='word_1_119' title='bbox 719 2192 938 2285; x_wconf 90' lang='lat' dir='ltr'>paulo</span> <span class='ocrx_word' id='word_1_120' title='bbox 989 2197 1171 2285; x_wconf 87' lang='lat' dir='ltr'>post,</span> <span class='ocrx_word' id='word_1_121' title='bbox 1217 2214 1262 2266; x_wconf 92' lang='lat' dir='ltr'>a</span> <span class='ocrx_word' id='word_1_122' title='bbox 1313 2193 1550 2286; x_wconf 89' lang='lat' dir='ltr'>simili,</span> <span class='ocrx_word' id='word_1_123' title='bbox 1587 2185 1729 2264; x_wconf 69' lang='lat' dir='ltr'>cosi</span> <span class='ocrx_word' id='word_1_124' title='bbox 1778 2212 1969 2264; x_wconf 80' lang='lat' dir='ltr'>come</span> <span class='ocrx_word' id='word_1_125' title='bbox 2004 2197 2086 2286; x_wconf 84' lang='lat' dir='ltr'>fa</span> <span class='ocrx_word' id='word_1_126' title='bbox 2128 2195 2369 2264; x_wconf 82' lang='lat' dir='ltr'>donna</span> <span class='ocrx_word' id='word_1_127' title='bbox 2403 2195 2523 2265; x_wconf 74' lang='lat' dir='ltr'>che</span> <span class='ocrx_word' id='word_1_128' title='bbox 2548 2196 2620 2265; x_wconf 81' lang='lat' dir='ltr'>&#39;n</span> <span class='ocrx_word' id='word_1_129' title='bbox 2651 2214 2835 2285; x_wconf 84' lang='lat' dir='ltr'>par-</span> 
     </span>
     <span class='ocr_line' id='line_1_16' title="bbox 493 2303 2832 2407; baseline 0 -23"><span class='ocrx_word' id='word_1_130' title='bbox 493 2315 672 2384; x_wconf 83' lang='lat' dir='ltr'>torir</span> <span class='ocrx_word' id='word_1_131' title='bbox 720 2315 850 2384; x_wconf 80' lang='lat' dir='ltr'>sia.</span> <span class='ocrx_word' id='word_1_132' title='bbox 887 2312 976 2384; x_wconf 90' lang='lat' dir='ltr'>Et</span> <span class='ocrx_word' id='word_1_133' title='bbox 1008 2313 1125 2386; x_wconf 92' lang='lat' dir='ltr'>hic</span> <span class='ocrx_word' id='word_1_134' title='bbox 1165 2320 1337 2386; x_wconf 90' lang='lat' dir='ltr'>nota</span> <span class='ocrx_word' id='word_1_135' title='bbox 1372 2319 1734 2406; x_wconf 90' lang='lat' dir='ltr'>quantum</span> <span class='ocrx_word' id='word_1_136' title='bbox 1770 2313 2223 2407; x_wconf 87' lang='lat' dir='ltr'>comparatio</span> <span class='ocrx_word' id='word_1_137' title='bbox 2259 2320 2370 2386; x_wconf 91' lang='lat' dir='ltr'>est</span> <span class='ocrx_word' id='word_1_138' title='bbox 2404 2313 2697 2407; x_wconf 90' lang='lat' dir='ltr'>propria</span> <span class='ocrx_word' id='word_1_139' title='bbox 2714 2303 2832 2403; x_wconf 79' lang='lat'>(²):</span> 
     </span>
     <span class='ocr_line' id='line_1_17' title="bbox 493 2432 2833 2528; baseline 0.001 -23"><span class='ocrx_word' id='word_1_140' title='bbox 493 2433 658 2506; x_wconf 90' lang='lat' dir='ltr'>licet</span> <span class='ocrx_word' id='word_1_141' title='bbox 709 2434 902 2507; x_wconf 89' lang='lat' dir='ltr'>enim</span> <span class='ocrx_word' id='word_1_142' title='bbox 958 2432 1226 2507; x_wconf 91' lang='lat' dir='ltr'>mulier</span> <span class='ocrx_word' id='word_1_143' title='bbox 1276 2453 1642 2528; x_wconf 89' lang='lat' dir='ltr'>puerpera</span> <span class='ocrx_word' id='word_1_144' title='bbox 1685 2433 1776 2505; x_wconf 90' lang='lat' dir='ltr'>sit</span> <span class='ocrx_word' id='word_1_145' title='bbox 1826 2433 1900 2505; x_wconf 92' lang='lat' dir='ltr'>in</span> <span class='ocrx_word' id='word_1_146' title='bbox 1955 2433 2277 2507; x_wconf 82' lang='lat' dir='ltr'>maxima</span> <span class='ocrx_word' id='word_1_147' title='bbox 2313 2453 2681 2526; x_wconf 88' lang='lat' dir='ltr'>pressura,</span> <span class='ocrx_word' id='word_1_148' title='bbox 2721 2439 2833 2507; x_wconf 88' lang='lat' dir='ltr'>ta-</span> 
     </span>
     <span class='ocr_line' id='line_1_18' title="bbox 491 2552 2834 2649; baseline 0 -24"><span class='ocrx_word' id='word_1_149' title='bbox 491 2573 662 2627; x_wconf 91' lang='lat' dir='ltr'>men</span> <span class='ocrx_word' id='word_1_150' title='bbox 714 2573 885 2626; x_wconf 89' lang='lat' dir='ltr'>cum</span> <span class='ocrx_word' id='word_1_151' title='bbox 936 2553 1208 2649; x_wconf 87' lang='lat' dir='ltr'>gaudio</span> <span class='ocrx_word' id='word_1_152' title='bbox 1260 2559 1596 2647; x_wconf 87' lang='lat' dir='ltr'>expectat</span> <span class='ocrx_word' id='word_1_153' title='bbox 1630 2552 2042 2646; x_wconf 84' lang='lat' dir='ltr'>exonerari,</span> <span class='ocrx_word' id='word_1_154' title='bbox 2081 2560 2154 2627; x_wconf 88' lang='lat' dir='ltr'>et</span> <span class='ocrx_word' id='word_1_155' title='bbox 2190 2553 2464 2626; x_wconf 88' lang='lat' dir='ltr'>habere</span> <span class='ocrx_word' id='word_1_156' title='bbox 2505 2554 2834 2627; x_wconf 84' lang='lat' dir='ltr'>fructum</span> 
     </span>
     <span class='ocr_line' id='line_1_19' title="bbox 492 2672 2834 2767; baseline 0.001 -23"><span class='ocrx_word' id='word_1_157' title='bbox 492 2694 899 2767; x_wconf 76' lang='lat' dir='ltr'>magnum,</span> <span class='ocrx_word' id='word_1_158' title='bbox 950 2673 1049 2746; x_wconf 91' lang='lat' dir='ltr'>ita</span> <span class='ocrx_word' id='word_1_159' title='bbox 1100 2674 1345 2747; x_wconf 92' lang='lat' dir='ltr'>anima</span> <span class='ocrx_word' id='word_1_160' title='bbox 1404 2693 1632 2748; x_wconf 87' lang='lat' dir='ltr'>avara</span> <span class='ocrx_word' id='word_1_161' title='bbox 1684 2673 1850 2747; x_wconf 90' lang='lat' dir='ltr'>licet</span> <span class='ocrx_word' id='word_1_162' title='bbox 1911 2673 2001 2746; x_wconf 90' lang='lat' dir='ltr'>sit</span> <span class='ocrx_word' id='word_1_163' title='bbox 2059 2672 2174 2746; x_wconf 91' lang='lat' dir='ltr'>hic</span> <span class='ocrx_word' id='word_1_164' title='bbox 2236 2673 2308 2744; x_wconf 92' lang='lat' dir='ltr'>in</span> <span class='ocrx_word' id='word_1_165' title='bbox 2372 2673 2834 2747; x_wconf 88' lang='lat' dir='ltr'>amarissima</span> 
     </span>
     <span class='ocr_line' id='line_1_20' title="bbox 491 2792 2833 2888; baseline 0.001 -25"><span class='ocrx_word' id='word_1_166' title='bbox 491 2813 732 2887; x_wconf 83' lang='lat' dir='ltr'>poena,</span> <span class='ocrx_word' id='word_1_167' title='bbox 787 2800 1036 2867; x_wconf 87' lang='lat' dir='ltr'>tamen</span> <span class='ocrx_word' id='word_1_168' title='bbox 1087 2800 1422 2888; x_wconf 86' lang='lat' dir='ltr'>expectat</span> <span class='ocrx_word' id='word_1_169' title='bbox 1472 2814 1644 2868; x_wconf 91' lang='lat' dir='ltr'>cum</span> <span class='ocrx_word' id='word_1_170' title='bbox 1713 2799 1914 2868; x_wconf 89' lang='lat' dir='ltr'>certa</span> <span class='ocrx_word' id='word_1_171' title='bbox 1963 2812 2091 2887; x_wconf 91' lang='lat' dir='ltr'>spe</span> <span class='ocrx_word' id='word_1_172' title='bbox 2141 2792 2467 2867; x_wconf 89' lang='lat' dir='ltr'>alleviari</span> <span class='ocrx_word' id='word_1_173' title='bbox 2521 2798 2594 2867; x_wconf 94' lang='lat' dir='ltr'>et</span> <span class='ocrx_word' id='word_1_174' title='bbox 2645 2793 2833 2866; x_wconf 89' lang='lat' dir='ltr'>obti-</span> 
     </span>
     <span class='ocr_line' id='line_1_21' title="bbox 494 2913 2834 2988; baseline 0 -1"><span class='ocrx_word' id='word_1_175' title='bbox 494 2933 674 2987; x_wconf 92' lang='lat' dir='ltr'>nere</span> <span class='ocrx_word' id='word_1_176' title='bbox 723 2914 1047 2985; x_wconf 85' lang='lat' dir='ltr'>fructum</span> <span class='ocrx_word' id='word_1_177' title='bbox 1102 2914 1596 2988; x_wconf 85' lang='lat' dir='ltr'>beatitudinis:</span> <span class='ocrx_word' id='word_1_178' title='bbox 1646 2914 1914 2987; x_wconf 91' lang='lat' dir='ltr'>mulier</span> <span class='ocrx_word' id='word_1_179' title='bbox 1965 2913 2186 2987; x_wconf 89' lang='lat' dir='ltr'>etiam</span> <span class='ocrx_word' id='word_1_180' title='bbox 2239 2913 2671 2987; x_wconf 89' lang='lat' dir='ltr'>naturaliter</span> <span class='ocrx_word' id='word_1_181' title='bbox 2726 2921 2834 2987; x_wconf 92' lang='lat' dir='ltr'>est</span> 
     </span>
     <span class='ocr_line' id='line_1_22' title="bbox 493 3032 2836 3129; baseline -0 -23"><span class='ocrx_word' id='word_1_182' title='bbox 493 3053 720 3108; x_wconf 78' lang='lat' dir='ltr'>avara</span> <span class='ocrx_word' id='word_1_183' title='bbox 769 3039 844 3106; x_wconf 93' lang='lat' dir='ltr'>et</span> <span class='ocrx_word' id='word_1_184' title='bbox 892 3053 1124 3127; x_wconf 88' lang='lat' dir='ltr'>prona</span> <span class='ocrx_word' id='word_1_185' title='bbox 1166 3033 1258 3105; x_wconf 92' lang='lat' dir='ltr'>ad</span> <span class='ocrx_word' id='word_1_186' title='bbox 1302 3034 1663 3129; x_wconf 87' lang='lat' dir='ltr'>lacrymas</span> <span class='ocrx_word' id='word_1_187' title='bbox 1697 3033 1884 3107; x_wconf 90' lang='lat' dir='ltr'>sicut</span> <span class='ocrx_word' id='word_1_188' title='bbox 1921 3032 2210 3106; x_wconf 85' lang='lat' dir='ltr'>umbrae</span> <span class='ocrx_word' id='word_1_189' title='bbox 2251 3032 2611 3127; x_wconf 82' lang='lat' dir='ltr'>istorum3</span> <span class='ocrx_word' id='word_1_190' title='bbox 2658 3055 2695 3105; x_wconf 86' lang='lat' dir='ltr'>e</span> <span class='ocrx_word' id='word_1_191' title='bbox 2724 3055 2836 3105; x_wconf 84' lang='lat' dir='ltr'>se-</span> 
     </span>
     <span class='ocr_line' id='line_1_23' title="bbox 494 3152 2836 3250; baseline -0 -25"><span class='ocrx_word' id='word_1_192' title='bbox 494 3155 756 3242; x_wconf 68' lang='lat' dir='ltr'>quitur,</span> <span class='ocrx_word' id='word_1_193' title='bbox 821 3153 1098 3247; x_wconf 85' lang='lat' dir='ltr'>supple,</span> <span class='ocrx_word' id='word_1_194' title='bbox 1164 3152 1432 3245; x_wconf 87' lang='lat' dir='ltr'>audivi,</span> <span class='ocrx_word' id='word_1_195' title='bbox 1481 3174 1750 3244; x_wconf 84' lang='lat' dir='ltr'>povera</span> <span class='ocrx_word' id='word_1_196' title='bbox 1794 3156 1963 3245; x_wconf 80' lang='lat' dir='ltr'>sesti</span> <span class='ocrx_word' id='word_1_197' title='bbox 2023 3158 2238 3245; x_wconf 79' lang='lat' dir='ltr'>tanto,</span> <span class='ocrx_word' id='word_1_198' title='bbox 2298 3160 2559 3250; x_wconf 78' lang='lat' dir='ltr'>quanto</span> <span class='ocrx_word' id='word_1_199' title='bbox 2627 3154 2836 3225; x_wconf 82' lang='lat' dir='ltr'>veder</span> 
     </span>
     <span class='ocr_line' id='line_1_24' title="bbox 496 3266 2835 3367; baseline -0 -24"><span class='ocrx_word' id='word_1_200' title='bbox 496 3274 558 3343; x_wconf 80' lang='lat' dir='ltr'>si</span> <span class='ocrx_word' id='word_1_201' title='bbox 594 3266 742 3363; x_wconf 75' lang='grc' dir='ltr'><em>Ριιὸ</em></span> <span class='ocrx_word' id='word_1_202' title='bbox 785 3292 918 3362; x_wconf 83' lang='lat' dir='ltr'>per</span> <span class='ocrx_word' id='word_1_203' title='bbox 968 3274 1190 3363; x_wconf 80' lang='lat' dir='ltr'>quello</span> <span class='ocrx_word' id='word_1_204' title='bbox 1242 3275 1535 3363; x_wconf 81' lang='lat' dir='ltr'>ospizio,</span> <span class='ocrx_word' id='word_1_205' title='bbox 1570 3272 1864 3366; x_wconf 89' lang='lat' dir='ltr'>scilicet,</span> <span class='ocrx_word' id='word_1_206' title='bbox 1918 3273 2384 3367; x_wconf 76' lang='lat' dir='ltr'>praesepium,</span> <span class='ocrx_word' id='word_1_207' title='bbox 2438 3278 2519 3344; x_wconf 94' lang='lat' dir='ltr'>ut</span> <span class='ocrx_word' id='word_1_208' title='bbox 2570 3271 2835 3345; x_wconf 88' lang='lat' dir='ltr'>dicitur</span> 
     </span>
     <span class='ocr_line' id='line_1_25' title="bbox 498 3390 2838 3486; baseline 0.001 -23"><span class='ocrx_word' id='word_1_209' title='bbox 498 3392 716 3463; x_wconf 83' lang='lat' dir='ltr'>Lucae</span> <span class='ocrx_word' id='word_1_210' title='bbox 766 3390 825 3462; x_wconf 89' lang='lat'>11</span> <span class='ocrx_word' id='word_1_211' title='bbox 869 3391 1206 3485; x_wconf 91' lang='lat' dir='ltr'>capitulo,</span> <span class='ocrx_word' id='word_1_212' title='bbox 1242 3393 1418 3464; x_wconf 84' lang='lat' dir='ltr'>dove</span> <span class='ocrx_word' id='word_1_213' title='bbox 1465 3395 1769 3484; x_wconf 81' lang='lat' dir='ltr'>sponesti</span> <span class='ocrx_word' id='word_1_214' title='bbox 1797 3396 1854 3465; x_wconf 81' lang='lat' dir='ltr'>il</span> <span class='ocrx_word' id='word_1_215' title='bbox 1890 3400 2004 3466; x_wconf 83' lang='lat' dir='ltr'>tuo</span> <span class='ocrx_word' id='word_1_216' title='bbox 2033 3401 2324 3486; x_wconf 78' lang='lat' dir='ltr'>portato</span> <span class='ocrx_word' id='word_1_217' title='bbox 2364 3400 2598 3484; x_wconf 78' lang='lat' dir='ltr'>santo,</span> <span class='ocrx_word' id='word_1_218' title='bbox 2642 3392 2838 3486; x_wconf 86' lang='lat' dir='ltr'>quia,</span> 
     </span>
     <span class='ocr_line' id='line_1_26' title="bbox 495 3514 2839 3605; baseline 0 -22"><span class='ocrx_word' id='word_1_219' title='bbox 495 3532 691 3604; x_wconf 80' lang='lat' dir='ltr'>quem</span> <span class='ocrx_word' id='word_1_220' title='bbox 742 3517 918 3584; x_wconf 81' lang='lat' dir='ltr'>totus</span> <span class='ocrx_word' id='word_1_221' title='bbox 967 3514 1264 3584; x_wconf 77' lang='lat' dir='ltr'>mundus</span> <span class='ocrx_word' id='word_1_222' title='bbox 1313 3533 1561 3604; x_wconf 81' lang='lat' dir='ltr'>capere</span> <span class='ocrx_word' id='word_1_223' title='bbox 1609 3533 1755 3584; x_wconf 81' lang='lat' dir='ltr'>non</span> <span class='ocrx_word' id='word_1_224' title='bbox 1794 3519 2081 3605; x_wconf 79' lang='lat' dir='ltr'>poterat</span> <span class='ocrx_word' id='word_1_225' title='bbox 2112 3520 2226 3587; x_wconf 79' lang='lat' dir='ltr'>luo</span> <span class='ocrx_word' id='word_1_226' title='bbox 2275 3517 2544 3605; x_wconf 64' lang='lat' dir='ltr'>gremio</span> <span class='ocrx_word' id='word_1_227' title='bbox 2594 3519 2839 3585; x_wconf 82' lang='lat' dir='ltr'>contu-</span> 
     </span>
     <span class='ocr_line' id='line_1_27' title="bbox 497 3612 2834 3727; baseline -0 -22"><span class='ocrx_word' id='word_1_228' title='bbox 497 3635 1349 3723; x_wconf 71' lang='lat' dir='ltr'>listi.—Seyuentemence.</span> <span class='ocrx_word' id='word_1_229' title='bbox 1392 3632 1523 3706; x_wconf 89' lang='lat' dir='ltr'>Hic</span> <span class='ocrx_word' id='word_1_230' title='bbox 1569 3638 1784 3727; x_wconf 87' lang='lat' dir='ltr'>poeta</span> <span class='ocrx_word' id='word_1_231' title='bbox 1833 3612 2127 3708; x_wconf 73' lang='lat' dir='ltr'>adducit</span> <span class='ocrx_word' id='word_1_232' title='bbox 2176 3634 2373 3708; x_wconf 89' lang='lat' dir='ltr'>aliud</span> <span class='ocrx_word' id='word_1_233' title='bbox 2410 3632 2834 3726; x_wconf 84' lang='lat' dir='ltr'>exemplum</span> 
     </span>
     <span class='ocr_line' id='line_1_28' title="bbox 497 3751 2838 3849; baseline 0 -25"><span class='ocrx_word' id='word_1_234' title='bbox 497 3754 758 3826; x_wconf 85' lang='lat' dir='ltr'>sobriae</span> <span class='ocrx_word' id='word_1_235' title='bbox 807 3753 1252 3848; x_wconf 89' lang='lat' dir='ltr'>paupertatis</span> <span class='ocrx_word' id='word_1_236' title='bbox 1303 3752 1378 3825; x_wconf 93' lang='lat' dir='ltr'>in</span> <span class='ocrx_word' id='word_1_237' title='bbox 1427 3753 1590 3826; x_wconf 84' lang='lat' dir='ltr'>viro</span> <span class='ocrx_word' id='word_1_238' title='bbox 1633 3774 1942 3849; x_wconf 82' lang='lat' dir='ltr'>pagane,</span> <span class='ocrx_word' id='word_1_239' title='bbox 1986 3755 2157 3848; x_wconf 91' lang='lat' dir='ltr'>quia</span> <span class='ocrx_word' id='word_1_240' title='bbox 2201 3760 2488 3848; x_wconf 90' lang='lat' dir='ltr'>poterat</span> <span class='ocrx_word' id='word_1_241' title='bbox 2528 3753 2691 3847; x_wconf 88' lang='lat' dir='ltr'>quis</span> <span class='ocrx_word' id='word_1_242' title='bbox 2726 3751 2838 3825; x_wconf 91' lang='lat' dir='ltr'>di-</span> 
     </span>
     <span class='ocr_line' id='line_1_29' title="bbox 498 3872 2835 3967; baseline 0 -20"><span class='ocrx_word' id='word_1_243' title='bbox 498 3894 706 3948; x_wconf 88' lang='lat' dir='ltr'>cere:</span> <span class='ocrx_word' id='word_1_244' title='bbox 760 3892 907 3945; x_wconf 88' lang='lat' dir='ltr'>non</span> <span class='ocrx_word' id='word_1_245' title='bbox 956 3877 1192 3966; x_wconf 93' lang='lat' dir='ltr'>potest</span> <span class='ocrx_word' id='word_1_246' title='bbox 1225 3873 1461 3945; x_wconf 91' lang='lat' dir='ltr'>omnis</span> <span class='ocrx_word' id='word_1_247' title='bbox 1498 3874 1721 3946; x_wconf 91' lang='lat' dir='ltr'>homo</span> <span class='ocrx_word' id='word_1_248' title='bbox 1757 3874 1903 3967; x_wconf 89' lang='lat' dir='ltr'>pati</span> <span class='ocrx_word' id='word_1_249' title='bbox 1946 3872 2405 3947; x_wconf 88' lang='lat' dir='ltr'>incommoda</span> <span class='ocrx_word' id='word_1_250' title='bbox 2441 3878 2835 3966; x_wconf 86' lang='lat' dir='ltr'>pauperta-</span> 
     </span>
     <span class='ocr_line' id='line_1_30' title="bbox 501 3984 2839 4089; baseline 0 -23"><span class='ocrx_word' id='word_1_251' title='bbox 501 3994 586 4066; x_wconf 90' lang='lat' dir='ltr'>tis</span> <span class='ocrx_word' id='word_1_252' title='bbox 637 3994 823 4067; x_wconf 88' lang='lat' dir='ltr'>sicut</span> <span class='ocrx_word' id='word_1_253' title='bbox 862 3992 1106 4066; x_wconf 89' lang='lat' dir='ltr'>Maria.</span> <span class='ocrx_word' id='word_1_254' title='bbox 1144 3993 1231 4064; x_wconf 90' lang='lat' dir='ltr'>Et</span> <span class='ocrx_word' id='word_1_255' title='bbox 1270 3992 1359 4065; x_wconf 92' lang='lat' dir='ltr'>ad</span> <span class='ocrx_word' id='word_1_256' title='bbox 1404 3992 1952 4089; x_wconf 85' lang='lat' dir='ltr'>intelligentiam</span> <span class='ocrx_word' id='word_1_257' title='bbox 1990 3993 2193 4067; x_wconf 92' lang='lat' dir='ltr'>istius</span> <span class='ocrx_word' id='word_1_258' title='bbox 2221 3984 2295 4084; x_wconf 80' lang='lat'>(³)</span> <span class='ocrx_word' id='word_1_259' title='bbox 2336 3993 2564 4067; x_wconf 88' lang='lat' dir='ltr'>literae</span> <span class='ocrx_word' id='word_1_260' title='bbox 2603 3995 2839 4068; x_wconf 90' lang='lat' dir='ltr'>scien-</span> 
     </span>
     <span class='ocr_line' id='line_1_31' title="bbox 497 4102 2841 4206; baseline -0.001 -19"><span class='ocrx_word' id='word_1_261' title='bbox 497 4113 674 4187; x_wconf 91' lang='lat' dir='ltr'>dum</span> <span class='ocrx_word' id='word_1_262' title='bbox 710 4102 808 4206; x_wconf 68' lang='lat'>(⁴),</span> <span class='ocrx_word' id='word_1_263' title='bbox 863 4112 1059 4206; x_wconf 89' lang='lat' dir='ltr'>quod</span> <span class='ocrx_word' id='word_1_264' title='bbox 1110 4111 1482 4186; x_wconf 90' lang='lat' dir='ltr'>Fabricius</span> <span class='ocrx_word' id='word_1_265' title='bbox 1517 4112 1653 4184; x_wconf 86' lang='lat' dir='ltr'>fuit</span> <span class='ocrx_word' id='word_1_266' title='bbox 1687 4113 1943 4186; x_wconf 89' lang='lat' dir='ltr'>consul</span> <span class='ocrx_word' id='word_1_267' title='bbox 1982 4132 2354 4206; x_wconf 90' lang='lat' dir='ltr'>romanus,</span> <span class='ocrx_word' id='word_1_268' title='bbox 2394 4113 2519 4205; x_wconf 89' lang='lat' dir='ltr'>qui</span> <span class='ocrx_word' id='word_1_269' title='bbox 2556 4113 2841 4187; x_wconf 90' lang='lat' dir='ltr'>bellum</span> 
     </span>
     <span class='ocr_line' id='line_1_32' title="bbox 496 4232 2841 4329; baseline 0 -21"><span class='ocrx_word' id='word_1_270' title='bbox 496 4233 716 4329; x_wconf 85' lang='lat' dir='ltr'>gessit</span> <span class='ocrx_word' id='word_1_271' title='bbox 767 4240 1021 4306; x_wconf 90' lang='lat' dir='ltr'>contra</span> <span class='ocrx_word' id='word_1_272' title='bbox 1056 4233 1424 4328; x_wconf 84' lang='lat' dir='ltr'>Pyrrhum</span> <span class='ocrx_word' id='word_1_273' title='bbox 1463 4252 1742 4328; x_wconf 88' lang='lat' dir='ltr'>regem,</span> <span class='ocrx_word' id='word_1_274' title='bbox 1781 4239 1863 4306; x_wconf 91' lang='lat' dir='ltr'>ut</span> <span class='ocrx_word' id='word_1_275' title='bbox 1897 4232 2183 4307; x_wconf 90' lang='lat' dir='ltr'>dicetur</span> <span class='ocrx_word' id='word_1_276' title='bbox 2218 4233 2308 4305; x_wconf 88' lang='lat' dir='ltr'>VI</span> <span class='ocrx_word' id='word_1_277' title='bbox 2344 4234 2663 4327; x_wconf 89' lang='lat' dir='ltr'>capitulo</span> <span class='ocrx_word' id='word_1_278' title='bbox 2700 4234 2841 4308; x_wconf 90' lang='lat' dir='ltr'>Pa-</span> 
     </span>
     <span class='ocr_line' id='line_1_33' title="bbox 499 4351 2842 4447; baseline 0.002 -23"><span class='ocrx_word' id='word_1_279' title='bbox 499 4351 749 4426; x_wconf 87' lang='lat' dir='ltr'>radisi:</span> <span class='ocrx_word' id='word_1_280' title='bbox 803 4372 951 4445; x_wconf 91' lang='lat' dir='ltr'>quo</span> <span class='ocrx_word' id='word_1_281' title='bbox 1002 4357 1337 4447; x_wconf 88' lang='lat' dir='ltr'>tempore</span> <span class='ocrx_word' id='word_1_282' title='bbox 1389 4351 1521 4424; x_wconf 80' lang='lat' dir='ltr'>suit</span> <span class='ocrx_word' id='word_1_283' title='bbox 1572 4352 1839 4425; x_wconf 89' lang='lat' dir='ltr'>Curius</span> <span class='ocrx_word' id='word_1_284' title='bbox 1892 4352 2249 4426; x_wconf 85' lang='lat' dir='ltr'>valentior</span> <span class='ocrx_word' id='word_1_285' title='bbox 2301 4373 2413 4446; x_wconf 81' lang='lat' dir='ltr'>ec,</span> <span class='ocrx_word' id='word_1_286' title='bbox 2469 4359 2543 4427; x_wconf 91' lang='lat' dir='ltr'>et</span> <span class='ocrx_word' id='word_1_287' title='bbox 2595 4360 2842 4429; x_wconf 91' lang='lat' dir='ltr'>tamen</span> 
     </span>
    </p>
   </div>
   <div class='ocr_carea' id='block_1_3' title="bbox 621 4535 2417 4676">
    <p class='ocr_par' dir='ltr' id='par_1_3' title="bbox 621 4535 2417 4676">
     <span class='ocr_line' id='line_1_34' title="bbox 621 4535 2417 4603; baseline -0.003 -8"><span class='ocrx_word' id='word_1_288' title='bbox 621 4536 674 4598; x_wconf 82' lang='grc'>(’)</span> <span class='ocrx_word' id='word_1_289' title='bbox 705 4535 758 4585; x_wconf 88' lang='lat' dir='ltr'>S.</span> <span class='ocrx_word' id='word_1_290' title='bbox 791 4536 844 4584; x_wconf 84' lang='lat' dir='ltr'>in</span> <span class='ocrx_word' id='word_1_291' title='bbox 876 4535 970 4586; x_wconf 88' lang='lat' dir='ltr'>illo</span> <span class='ocrx_word' id='word_1_292' title='bbox 1003 4537 1217 4587; x_wconf 84' lang='lat' dir='ltr'>circulo.</span> <span class='ocrx_word' id='word_1_293' title='bbox 1657 4536 1713 4600; x_wconf 89' lang='lat'>(¹)</span> <span class='ocrx_word' id='word_1_294' title='bbox 1749 4542 1856 4599; x_wconf 81' lang='lat'>117,</span> <span class='ocrx_word' id='word_1_295' title='bbox 1894 4539 2073 4601; x_wconf 83' lang='lat' dir='ltr'>pulcra</span> <span class='ocrx_word' id='word_1_296' title='bbox 2105 4544 2157 4588; x_wconf 86' lang='lat' dir='ltr'>et</span> <span class='ocrx_word' id='word_1_297' title='bbox 2192 4540 2417 4603; x_wconf 80' lang='lat' dir='ltr'>propria.</span> 
     </span>
     <span class='ocr_line' id='line_1_35' title="bbox 622 4612 2285 4676; baseline -0.004 -4"><span class='ocrx_word' id='word_1_298' title='bbox 622 4613 675 4675; x_wconf 81' lang='lat'>(⁸)</span> <span class='ocrx_word' id='word_1_299' title='bbox 707 4612 768 4663; x_wconf 81' lang='grc' dir='ltr'>Ε·</span> <span class='ocrx_word' id='word_1_300' title='bbox 803 4612 973 4663; x_wconf 64' lang='lat' dir='ltr'>huius·</span> <span class='ocrx_word' id='word_1_301' title='bbox 1660 4614 1713 4675; x_wconf 65' lang='grc' dir='ltr'>(Ἰ</span> <span class='ocrx_word' id='word_1_302' title='bbox 1750 4619 1858 4676; x_wconf 81' lang='lat'>¹17,</span> <span class='ocrx_word' id='word_1_303' title='bbox 1892 4620 1969 4664; x_wconf 78' lang='lat' dir='ltr'>est</span> <span class='ocrx_word' id='word_1_304' title='bbox 2001 4616 2285 4666; x_wconf 81' lang='lat' dir='ltr'>sciendum.</span> 
     </span>
    </p>
   </div>
  </div>
 </body>
</html>
