3704 5559
837 482 929 547 80
1557 489 1966 543 COMENTUM
2016 490 2459 544 PURGATonn

836 636 961 713 che*
990 640 1259 711 assaliti
1304 657 1437 709 son
1486 639 1584 709 da
1634 637 1963 725 mayyior
2012 657 2214 726 cura,
2257 635 2549 728 scilicet,
2591 635 2912 731 fugiendi
2954 657 3190 710 nocu-

844 766 1206 852 mentum,
1261 779 1429 851 quae
1479 764 1590 831 est
1641 757 1878 830 maior
1940 778 2121 831 cura
2182 777 2407 849 quam
2474 755 2564 827 sit
2615 776 2796 829 cura
2864 757 3191 852 capiendi

840 881 1112 954 cibum.
1155 879 1356 953 Unde
1390 878 1596 951 dicit:
1646 899 1719 949 se
1760 898 1929 949 cosa
1962 899 2235 969 appare
2268 880 2591 967 ond’eyli
2629 877 2883 949 abbian
2920 900 3187 971 paura,

838 1002 1046 1095 quasi
1097 1000 1326 1074 dicat:
1375 999 1431 1072 si
1476 998 1737 1072 timent
1786 997 1880 1071 de
1931 998 2167 1071 salute
2219 1019 2373 1071 sua.
2428 997 2515 1068 Et
2567 998 2683 1072 hic
2734 1004 2905 1072 nota
2949 1020 3187 1093 quan-

835 1129 997 1194 tum
1053 1118 1504 1214 comparatio
1557 1118 1902 1212 praedicta
1964 1118 2053 1191 sit
2113 1119 2370 1211 pulcra
2432 1125 2503 1190 et
2569 1118 2883 1212 propria.
2938 1119 3188 1193 Primo

836 1240 1132 1334 quidem
1186 1240 1508 1314 columbi
1561 1247 1732 1312 sunt
1790 1239 2046 1332 pulcri,
2099 1239 2323 1332 politi,
2388 1239 2734 1332 amorosi‚
2799 1239 3188 1334 mansueti,

835 1369 910 1436 et
961 1361 1141 1434 tales
1193 1366 1364 1433 sunt
1406 1347 1901 1433 communiter
1953 1358 2068 1431 isti
2120 1366 2457 1432 cantores
2511 1365 2585 1432 et
2634 1359 3067 1453 pulsatoreS‚
3105 1365 3188 1432 ut

834 1480 1114 1554 dictum
1167 1487 1277 1555 est
1319 1481 1539 1575 paulo
1575 1500 1798 1573 supra
1832 1479 1926 1553 de
1960 1478 2273 1572 Casella3
2312 1486 2385 1552 et
2422 1479 2608 1553 sicut
2644 1479 2968 1553 columbi
3010 1500 3186 1554 con-

832 1602 1116 1698 gregati
1170 1602 1242 1674 in
1293 1622 1555 1696 campo
1614 1600 1870 1674 intenti
1937 1607 2338 1694 pascuntur
2396 1599 2590 1673 dulci
2651 1599 2839 1693 cibo,
2903 1600 3002 1673 ita
3069 1599 3183 1673 isti

832 1721 1127 1816 spiritus
1180 1721 1602 1817 congregati
1655 1721 1728 1792 in
1770 1720 1907 1794 isto
1958 1721 2175 1814 plano
2224 1720 2714 1814 pascebantur
2762 1719 3016 1795 attenti
3059 1719 3187 1794 de-

834 1842 1143 1915 lectabili
1196 1848 1453 1935 cantu3
1491 1847 1566 1915 et
1607 1841 1795 1914 sicut
1843 1839 2164 1914 columbi
2204 1839 2330 1933 qui
2382 1839 2474 1912 de
2526 1859 2606 1913 se
2657 1845 2829 1912 sunt
2880 1845 3186 1912 natura-

830 1959 997 2033 liter
1046 1961 1352 2054 inquieti
1404 1960 1830 2055 quietantur
1881 1959 1976 2033 ad
2024 1959 2300 2052 cibum,
2342 1958 2441 2031 ita
2483 1958 2598 2031 isti
2642 1958 2935 2052 spiritus
2984 1958 3186 2031 simi-

833 2079 998 2153 liter
1049 2080 1142 2154 de
1205 2100 1284 2154 se
1346 2080 1648 2174 inquieti
1722 2079 2244 2173 quietabantur
2306 2078 2398 2152 ad
2461 2086 2804 2172 cantum3
2865 2086 2941 2153 et
2999 2079 3187 2153 sicut

834 2199 1153 2272 columbi
1206 2199 1537 2273 exterriti
1589 2200 1915 2273 clamore
1966 2199 2267 2273 alterius
2332 2199 2625 2294 fugiunt
2673 2198 2970 2273 dimisso
3015 2199 3186 2273 ⁴cibo

834 2319 1102 2392 timore
1151 2318 1589 2412 impellente,
1641 2319 1741 2393 ita
1792 2319 1906 2391 isti
1959 2320 2252 2413 spiritus
2312 2320 2544 2393 territi
2588 2321 2913 2393 clamore
2965 2318 3186 2394 Cato-

836 2437 946 2510 nis
996 2438 1371 2534 fugierunt
1420 2438 1836 2531 impellente
1871 2439 2177 2534 pudore,
2221 2440 2347 2533 qui
2391 2446 2501 2514 est
2550 2440 2824 2534 species
2877 2439 3178 2515 timoris,

836 2557 922 2630 Et
970 2558 1337 2632 concludit
1378 2566 1593 2654 poeta
1635 2559 1854 2633 istum
1899 2567 2294 2635 tractatum
2332 2567 2405 2634 et
2443 2559 2714 2634 claudit
2747 2559 3177 2654 capitulum,

834 2676 1126 2753 dicens:
1203 2675 1295 2753 ne*
1367 2682 1440 2752 la
1513 2686 1762 2752 nostra
1818 2684 2114 2772 partita,
2191 2680 2460 2754 scilicet
2518 2679 2794 2776 Virgilii
2861 2687 2936 2753 et
3011 2679 3181 2774 mei,

827 2802 909 2892 su
970 2821 1126 2872 men
1193 2808 1395 2891 tosta,
1466 2807 1541 2875 et
1593 2801 1771 2875 -sacit
1834 2801 2419 2895 diminutionem,
2484 2802 2695 2895 quasi
2759 2801 2971 2897 dicat,
3032 2803 3185 2877 imo

834 2921 1069 2993 multo
1119 2920 1441 2994 velocior
1492 2927 1696 2994 tanto
1749 2929 2024 3014 quanto
2084 2922 2222 2995 viri
2284 2922 2585 2997 studiosi
2641 2922 2872 3019 magis
2926 2922 3186 2998 timent

834 3039 1378 3132 verecundiam,
1431 3047 1506 3113 et
1574 3041 1807 3137 magis
1879 3027 2476 3117 &ermundantur
2540 3042 2632 3117 de
2691 3043 2892 3118 omni
2952 3064 3180 3138 parvo

835 3159 1024 3252 sallo,
1073 3165 1153 3232 ut
1190 3159 1339 3254 ipse
1391 3168 1605 3254 poeta
1641 3162 1840 3236 clare
1873 3163 2043 3237 dicit
2086 3164 2328 3238 statim
2364 3163 2437 3236 in
2473 3163 2822 3259 principio
2861 3183 3178 3257 sequen-

836 3278 925 3352 tis
978 3280 1292 3373 capituli.
