3704 5559
901 492 1042 557 418
1619 502 2029 557 couEN'rUM
2080 501 2517 556 PURGA'ronu

898 653 971 721 in
1023 656 1219 721 tanta
1275 669 1588 741 querra5
1652 647 1841 721 istud
1906 648 2182 722 bellum
2250 652 2410 720 erat
2470 645 2823 740 injustum
2892 647 3104 721 nimis
3139 643 3243 743 (¹),

900 769 1076 862 quia
1135 769 1332 842 mille
1390 768 1590 863 impii
1651 768 2031 861 feriebant,
2101 773 2175 842 et
2241 766 2442 840 solus
2497 768 2744 861 justus
2808 767 3240 863 sustinebat3

897 892 1016 962 clze
1059 892 1495 981 per-donasse
1543 891 1619 960 ai
1663 891 1818 960 suoi
1873 889 2329 979 persecutori,
2390 892 2464 961 et
2525 887 2664 960 hoc
2726 885 3058 981 faciebat,
3111 909 3241 961 con

900 1013 1124 1103 quello
1173 1017 1462 1102 aspettO,
1513 1008 1809 1101 scilicet,
1861 1008 2201 1104 benigno,
2254 1009 2373 1078 che
2415 996 2603 1099 pietd
2653 1009 2998 1097 disset-ra,
3040 1008 3239 1101 idest,

900 1129 1136 1223 aperit
1150 1152 1170 1223 ;
1223 1129 1394 1223 quia
1446 1128 1707 1201 maiori
1751 1128 2222 1202 miseratione
2258 1126 2578 1222 indigent
2617 1126 2980 1220 facientes,
3017 1149 3236 1221 quam

900 1248 1256 1343 patientes
1290 1247 1657 1321 iniuriam.
1695 1248 1784 1321 Et
1818 1248 1935 1321 hic
1972 1254 2143 1322 nota
2179 1266 2403 1340 quam
2450 1245 2860 1320 mirabilem
2898 1246 3238 1322 effectum

902 1368 1159 1442 babuit
1208 1367 1659 1442 sanctissima
1710 1368 1970 1462 oratio,
2025 1366 2196 1461 quia
2248 1367 2522 1439 Paulus
2572 1385 2971 1440 conversus
3010 1375 3121 1442 est
3150 1368 3239 1443 ad

902 1488 1120 1562 fidem
1172 1487 1514 1583 precibus
1563 1487 1931 1582 Stephani,
1969 1487 2094 1582 qui
2147 1487 2282 1559 suit
2328 1493 2574 1560 tantus
2607 1487 2807 1581 pugil
2843 1486 3009 1561 fidei
3044 1488 3236 1561 cbri-

903 1609 1177 1703 stianae,
1231 1615 1306 1684 et
1354 1616 1507 1683 tam
1557 1609 1886 1704 probiter
1928 1629 2103 1682 cum
2144 1627 2319 1682 ense
2354 1606 2753 1681 defensavit
2788 1628 2955 1681 eam
2989 1615 3240 1682 contra

905 1729 1170 1803 hostes,

1059 1853 1377 1938 Quando.
1432 1852 1570 1927 Ista
1623 1855 1732 1922 est
1784 1853 2048 1941 quarta
2101 1853 2176 1920 et
2230 1846 2484 1920 ultima
2534 1866 2703 1941 pars
2750 1848 3134 1941 generaliS,
3170 1847 3241 1919 in

904 1990 1054 2064 qua
1105 1976 1321 2064 poeta
1359 1976 1606 2043 noster
1639 1967 1981 2042 describit
2016 1967 2688 2062 interpretationem
2728 1986 2884 2039 suae
2923 1967 3239 2058 visionis3

909 2097 984 2163 et
1017 2089 1256 2182 primo
1291 2087 1601 2161 ostendit
1640 2086 1957 2180 qualiter
1991 2087 2143 2181 ipse
2178 2086 2535 2160 excitatus
2573 2087 2997 2181 recognovit
3031 2106 3239 2159 suam

907 2228 1164 2281 veram
1219 2207 1595 2280 visionem.
1650 2206 1833 2279 Dicit
1884 2226 2097 2301 ergo:
2160 2209 2455 2293 Quando
2507 2208 2804 2278 l’anima
2855 2210 3021 2298 ηιόα,
3076 2227 3242 2301 quae

904 2328 1109 2424 prius
1160 2334 1319 2402 erat
1379 2333 1530 2400 tota
1593 2326 1897 2400 collecta
1961 2326 2267 2400 interius
2335 2337 2408 2401 et
2470 2326 2856 2418 abstracta,
2911 2320 3118 2399 torno
3175 2331 3247 2400 di

902 2449 1100 2540 fuori
1147 2449 1284 2518 alle
1333 2467 1487 2518 cose
1536 2448 1655 2518 clze
1705 2467 1835 2518 son
1882 2450 2053 2539 [τιον
2102 2449 2178 2519 di
2225 2449 2313 2518 lez·
2362 2467 2546 2536 vere,
2617 2445 2824 2538 quasi
2886 2446 3101 2539 dicat,
3148 2447 3241 2520 ad

905 2566 1291 2660 sensibilia,
1356 2566 1522 2659 quia
1593 2565 1794 2659 prius
1846 2564 2130 2639 viderat
2181 2564 2635 2660 imaginaria,
2686 2567 2757 2637 io
2818 2567 3176 2638 riconobbi
3221 2570 3248 2639 i

907 2689 1067 2759 miei
1114 2706 1259 2758 non
1303 2687 1472 2777 salsi
1522 2688 1777 2757 errori.
1824 2685 1967 2758 Ista
2003 2685 2211 2758 litera
2254 2684 2546 2758 videtur
2600 2684 2848 2758 multis
2898 2685 3247 2776 obscura3

903 2809 1029 2882 sed
1082 2814 1296 2903 poeta
1350 2808 1505 2880 vult
1556 2807 2080 2881 sententialiter
2130 2805 2399 2899 dicere,
2436 2806 2631 2900 quod
2676 2806 2840 2879 licet
2879 2826 3024 2879 non
3060 2813 3247 2882 esset

904 2949 1170 3004 verum
1222 2949 1399 3004 eum
1453 2928 1556 3002 sic
1605 2928 1857 3002 videre
1909 2928 2028 3000 illa
2080 2933 2301 3020 prout
2352 2927 2484 2999 sibi
2537 2927 2927 3001 videbatur
2978 2929 3248 3022 videre,

904 3047 1374 3122 nihilominus
1428 3068 1692 3120 verum
1744 3053 1905 3120 erat
1955 3066 2043 3120 ea
2098 3045 2316 3118 fuisse
2368 3046 2467 3119 ita
2519 3067 2720 3141 vera,
2770 3046 2955 3122 sicut
3010 3049 3246 3122 visum

904 3166 1147 3239 suerat
1195 3165 1329 3238 sibi
1384 3165 1633 3239 videre
1685 3166 1758 3237 in
1811 3165 1928 3238 illa
1982 3164 2258 3237 visione
2309 3167 2644 3239 extatica.
2690 3166 2861 3239 Vult
2913 3187 3090 3261 ergo
3140 3168 3252 3241 di-

901 3304 1112 3358 cere:
1171 3284 1562 3380 recognovi
1617 3304 1873 3358 veram
1932 3284 2282 3357 visionem
2328 3305 2569 3358 meam
2609 3287 2849 3358 statim
2887 3307 3052 3358 cum
3093 3287 3250 3361 evi-

900 3401 1145 3498 gilavi.
1177 3408 1399 3475 —Lo
1450 3406 1651 3475 duca.
1709 3403 1837 3476 Hic
1889 3410 2103 3497 poeta
2156 3403 2383 3499 fingit,
2430 3406 2626 3498 quod
2678 3425 2850 3479 cum
2903 3413 3061 3500 post
3096 3407 3253 3482 evi-

903 3520 1332 3617 gilationem
1385 3522 1524 3596 iret
1571 3522 1812 3596 adhuc
1865 3523 2072 3616 quasi
2123 3524 2626 3596 somnolentus
2679 3531 2752 3598 et
2816 3525 3248 3620 vinolentuS,

907 3642 1249 3739 Virgilius
1300 3642 1752 3737 inquisiverit
1802 3642 1895 3716 de
1946 3664 2167 3716 causa
2221 3644 2378 3716 talis
2415 3644 2772 3738 incessus3
2820 3645 3012 3719 unde
3046 3646 3247 3721 dicit:

907 3766 1007 3834 Lo
1058 3765 1241 3835 duca
1289 3767 1453 3854 mio,
1506 3761 1774 3835 scilicet
1837 3761 2202 3857 Virgilius,
2253 3766 2371 3834 clw
2430 3766 2527 3836 mi
2572 3772 2788 3856 polea
2850 3769 3123 3856 vedere,
3175 3773 3249 3841 et

906 3882 1221 3976 videbat,
1249 3885 1377 3974 sar
1424 3876 1484 3954 si
1524 3885 1697 3954 com’
1721 3903 1884 3954 uom
1925 3885 2044 3954 clze
2078 3885 2177 3955 da
2209 3903 2434 3954 sonno
2465 3887 2529 3955 si
2566 3888 2787 3975 slew,
2842 3885 3046 3979 idest,
3102 3887 3250 3960 dis-

908 4002 1215 4076 solvitur
1266 4008 1339 4077 et
1390 4003 1752 4076 excitatur
1803 4023 2041 4096 nuper
2093 4024 2135 4076 a
2189 4024 2471 4095 somno,
2525 4007 2742 4077 disse:
2792 4007 2912 4078 che
2961 4009 3083 4080 1ιαὶ
3136 4010 3254 4080 che

907 4142 1051 4193 non
1086 4124 1136 4194 ti
1161 4125 1333 4213 puoi
1380 4127 1660 4194 tenere?
1693 4120 1907 4194 Aliud
1941 4121 2356 4217 cogitamen
2395 4128 2649 4196 natum
2690 4144 2783 4199 ex
2820 4126 2939 4199 illa
2976 4127 3255 4203 visione

907 4245 1149 4312 totum
1186 4239 1755 4313 conturbaverat
1795 4246 2088 4334 poetam
2129 4247 2204 4314 et
2251 4241 2537 4336 merito,
2569 4250 2651 4315 ut
2687 4244 2927 4317 statim
2964 4246 3252 4339 audies3

909 4356 1082 4430 dicit
1131 4377 1346 4454 ergo:
1400 4379 1520 4431 ma
1565 4362 1660 4431 se’
1687 4366 1933 4432 venato
1976 4355 2100 4452 piel
2150 4364 2268 4433 clte
2318 4383 2566 4434 mezzo
2618 4367 2801 4455 leya,
2857 4363 3062 4460 idest,
3122 4386 3255 4461 per

1038 4622 1094 4682 (¹)
1123 4623 1185 4674 E.
1219 4625 1395 4685 nimiu
1428 4624 1575 4674 mille
1604 4627 1743 4675 enim
1778 4627 1941 4690 impii.
