3704 5559
835 470 974 535 174
1553 477 1962 532 coMENTUM
2011 477 2449 531 PURGATonn

827 624 970 699 Iste
1021 631 1273 699 autem
1311 623 1704 697 Palinurus
1754 622 1911 696 viso
1964 624 2164 696 Enea
2217 622 2290 695 in
2342 622 2624 696 inferno
2663 625 2970 719 rogabat
3006 645 3181 699 eum

829 743 1246 840 suppliciter
1297 750 1383 817 ut
1433 742 1782 818 educeret
1834 763 2013 817 eum
2066 742 2272 836 inde3
2310 741 2430 815 cui
2466 742 2736 838 Sibylla
2788 744 3176 841 respondit,

828 863 1022 956 quod
1070 863 1341 959 judicia
1404 862 1723 937 deorum
1788 883 1935 937 non
1998 868 2337 957 poterant
2396 863 2737 957 precibus
2796 864 3182 938 hominum

831 983 1186 1057 revocari.
1241 982 1451 1056 Modo
1502 982 1594 1056 ad
1644 982 2101 1078 propositum
2148 983 2418 1057 Dantes
2469 982 2752 1057 dubitat
2804 991 2879 1058 et
2929 985 3107 1079 petit
3139 1007 3184 1059 a

830 1102 1128 1197 Virgilio
1195 1100 1569 1197 quomodo
1639 1101 1774 1175 ista
1842 1108 2035 1177 stant
2099 1101 2340 1196 simul,
2402 1101 2706 1197 scilicet,
2766 1103 3185 1196 quodffiistae

833 1221 1099 1294 animae
1152 1227 1413 1317 rogent
1446 1227 1530 1294 ut
1574 1228 1880 1318 rogetur
1929 1242 2065 1317 pro
2115 1221 2242 1315 eiS,
2278 1228 2364 1294 ut
2406 1221 2785 1296 brevietur
2838 1230 3178 1319 tempus3

835 1360 930 1415 ex
983 1361 1132 1435 quo
1193 1341 1485 1415 videtur
1542 1341 1909 1437 judicium
1973 1341 2104 1415 Dei
2167 1361 2380 1434 posse
2444 1341 2765 1436 mutari3
2828 1344 3186 1419 sententia

836 1461 1017 1534 vero
1071 1467 1199 1534 tua
1232 1460 1688 1535 contrarium
1725 1468 1959 1555 sonat,
1997 1460 2268 1535 scilicet
2308 1461 2506 1554 quod
2549 1482 2696 1535 non
2739 1462 2962 1556 possit
2996 1463 3185 1538 flecti

831 1579 1195 1675 precibus,
1252 1579 1501 1654 Primo
1553 1600 1734 1677 ergo
1784 1581 2052 1655 Dantes
2104 1592 2354 1657 movet
2418 1580 2630 1656 istam
2701 1583 3180 1677 quaestionem

835 1700 1157 1797 Virgilio,
1228 1701 1521 1776 dicens:
1588 1706 1673 1774 Io
1740 1704 2132 1792 cominciai,
2200 1703 2488 1797 supple,
2553 1702 2798 1779 dicere
2861 1703 3182 1800 Virgilio,

835 1841 1025 1893 come
1075 1822 1293 1894 libero
1335 1824 1469 1916 sui,
1520 1821 1725 1915 idest,
1780 1842 2008 1915 quam
2060 1821 2202 1896 cito
2267 1822 2370 1895 fui
2440 1823 2814 1920 liberatus,
2867 1828 2965 1898 da
3024 1832 3182 1899 tutte

836 1948 1089 2032 quante
1140 1943 1357 2031 quelle
1396 1941 1662 2036 ombre,
1698 1941 1938 2015 soluto
1978 1941 2251 2015 eisdem
2295 1943 2692 2038 promissis,
2728 1948 2848 2018 clze
2877 1966 3182 2037 preyar,

836 2058 1044 2153 idest,
1098 2081 1266 2152 quae
1317 2059 1606 2133 umbrae
1658 2067 2111 2155 rogaverunt
2174 2082 2320 2156 me,
2368 2084 2510 2154 pur
2573 2065 2676 2136 ch’
2702 2067 2872 2138 altri
2912 2067 3187 2157 preyhi,

838 2176 1109 2251 scilicet
1134 2198 1267 2272 pro
1293 2179 1432 2273 eis3
1470 2185 1544 2253 et
1576 2198 1749 2253 ecce
1781 2179 1874 2252 ad
1910 2179 2107 2274 quid,
2133 2174 2192 2253 si
2227 2183 2347 2253 che
2378 2184 2695 2255 s’avacci
2725 2187 2781 2256 il
2812 2186 2952 2276 lor,
2981 2185 3185 2279 idest,

837 2295 1296 2370 acceleretur
1358 2297 1484 2392 eiS,
1545 2300 1818 2371 divenir
1867 2307 2092 2390 sance,
2143 2300 2347 2395 idest,
2400 2309 2485 2375 ut
2549 2302 2693 2377 cito
2746 2304 3042 2378 veniant
3096 2303 3188 2378 ad

839 2416 1382 2512 purgatorium,
1418 2417 1616 2511 quod
1668 2418 1902 2492 reddit
1941 2418 2225 2493 animas
2259 2428 2546 2495 sanctas
2582 2427 2655 2495 et
2686 2422 2959 2497 amicas
2994 2424 3183 2517 Deo;

841 2541 916 2609 et
965 2536 1225 2631 petivi:
1281 2558 1325 2608 o
1376 2539 1522 2610 luce
1571 2540 1741 2629 mia,
1778 2538 1984 2633 idest,
2020 2559 2066 2612 o
2107 2538 2381 2636 Virgili,
2418 2541 2544 2635 qui
2586 2543 2787 2636 pellis
2820 2543 2915 2617 ab
2955 2542 3188 2617 oculis

840 2656 1107 2729 mentis
1157 2675 1347 2730 meae
1395 2677 1694 2731 omnem
1748 2658 2126 2733 tenebram
2183 2660 2634 2756 ignorantiae,
2688 2662 2883 2737 unde
2933 2662 3009 2735 in
3078 2662 3192 2735 in-

843 2773 1052 2851 ferno
1116 2777 1406 2852 vocavit
1469 2798 1645 2852 eum
1714 2778 1943 2854 solem
2006 2779 2080 2853 in
2139 2781 2353 2854 simili
2419 2804 2619 2877 casu,
2670 2787 2728 2856 e'
2761 2806 2908 2877 par
2955 2785 3075 2857 che
3124 2791 3196 2857 tu

839 2899 941 2968 mi
986 2899 1243 2988 nieyhi,
1280 2919 1621 2990 espressO,
1658 2899 1861 2994 idest,
1899 2920 2265 2996 expresse,
2313 2904 2388 2973 in
2438 2906 2645 2975 alcun
2694 2911 2889 2995 testo,
2924 2903 3194 2979 scilicet

837 3016 930 3089 VI
982 3017 1314 3112 EneidoS,
1377 3020 1495 3090 che
1560 3023 1863 3093 orazion
1911 3023 2173 3112 pieym,
2236 3021 2439 3117 idest,
2506 3032 2805 3099 moveat
2867 3026 2985 3100 vel
3052 3026 3193 3098 im-

836 3143 1100 3231 mutet,
1155 3141 1426 3210 deoreco
1490 3141 1606 3212 del
1663 3143 1861 3232 ciel0,
1912 3140 2120 3236 idest,
2162 3142 2525 3236 judicium
2587 3145 2741 3240 Dei,
2795 3145 2919 3220 ubi
2971 3145 3187 3220 dicit:

840 3259 1092 3328 Desine
1135 3260 1294 3350 sata
1344 3261 1567 3330 Deum
1614 3261 1790 3349 flecti
1838 3281 2133 3351 sperare
2176 3266 2561 3354 precando.
2607 3265 2694 3337 Et
2746 3284 2919 3339 ecce
2969 3285 3195 3360 oppo-

840 3374 1100 3447 situm:
1140 3396 1176 3447 e
1209 3385 1446 3465 questa
1476 3385 1675 3467 yeme
1701 3400 1933 3471 preya
1955 3402 2102 3473 pur
2136 3384 2213 3455 di
2246 3391 2507 3475 questo,
2543 3390 2627 3457 ut
2659 3390 3038 3460 ostensum
3082 3391 3194 3478 est

841 3494 919 3568 in
967 3494 1356 3569 nominatis
1406 3497 1544 3592 hic,
1598 3505 1673 3572 et
1723 3520 1948 3594 supra
1999 3500 2074 3574 in
2124 3502 2455 3597 capitulis
2507 3504 2725 3579 tertio
2776 3514 2851 3581 et
2901 3513 3192 3601 quarto.

841 3613 950 3688 De
999 3614 1289 3689 duobus
1338 3637 1519 3714 ergo
1571 3625 1681 3692 est
1729 3619 2074 3715 alterum,
2112 3621 2332 3714 quia:
2384 3625 2660 3697 ser-ebbe
2707 3627 2984 3718 dunque
3034 3629 3193 3700 loro

840 3755 1070 3827 spe-me
1120 3756 1336 3828 vana,
1390 3736 1447 3810 si
1499 3757 1755 3832 preces
1796 3760 1945 3812 non
1981 3747 2370 3815 moverent
2418 3741 2707 3838 Deum3
2759 3766 2803 3817 o
2852 3765 2998 3818 non
3037 3748 3130 3819 m’
3157 3738 3198 3819 e*

840 3858 896 3927 il
941 3857 1121 3928 delto
1173 3861 1287 3928 tuo
1338 3857 1467 3930 ben
1499 3861 1891 3952 manifesto,
1943 3859 2154 3954 quasi
2202 3860 2430 3935 dicat:
2485 3864 2604 3938 vel
2653 3885 2801 3938 non
2842 3865 3033 3941 bene
3081 3866 3196 3940 in-

839 3974 1088 4072 telligo
1132 3975 1409 4049 dictum
1444 3982 1684 4052 tuum.
1720 3978 1969 4052 Noluit
1998 3973 2072 4072 (¹)
2108 3979 2392 4057 dicere:
2454 3984 2573 4059 vel
2632 3984 2910 4059 dictum
2973 3993 3190 4062 tuum

843 4099 953 4168 est
993 4093 1281 4190 falsum,
1318 4103 1618 4192 propter
1668 4098 2187 4173 urbanitatem.
2218 4107 2425 4176 —Ec
2468 4107 2600 4177 elli.
2643 4105 2776 4180 Hic
2807 4113 3025 4202 poeta
3058 4130 3194 4205 po-

844 4211 949 4284 nit
1002 4214 1547 4309 responsionem
1600 4217 1877 4314 Virgilii
1930 4219 2232 4315 claram,
2286 4221 2577 4297 dicens:
2632 4229 2724 4299 Et
2775 4229 2891 4300 elli
2951 4249 2999 4301 a
3057 4249 3192 4322 me,

846 4332 1106 4426 supple
1140 4334 1479 4430 Virgilius
1521 4336 1922 4432 respondit:
1960 4342 2032 4412 la
2071 4343 2215 4414 mia
2252 4345 2585 4418 strictura
2623 4338 2668 4419 e*
2692 4349 2946 4441 pinna,
2982 4348 3188 4445 idest,

971 4595 1027 4663 (¹)
1059 4599 1120 4649 E.
1154 4599 1332 4652 Noluit
1362 4603 1501 4654 enim
1533 4603 1708 4656 dicere
1742 4605 1942 4658 dictum
1972 4613 2126 4661 tunm
2158 4614 2252 4662 est.
