3704 5559
1356 511 1632 566 CANTUs
1682 513 1965 566 ramus.
2743 499 2829 564 31

491 657 712 730 habet
743 650 815 745 (¹)
873 655 1205 728 abutitur
1258 655 1611 729 libertate.
1669 657 1873 731 Unde
1922 657 2120 729 Titus
2170 657 2454 731 Livius:
2497 658 2667 730 Haec
2709 677 2841 730 na-

491 784 660 851 tura
714 777 1194 849 multitudinis
1248 783 1379 870 est,
1432 785 1562 850 aut
1612 776 1990 850 humiliter
2041 777 2287 871 servit,
2340 786 2470 851 aut
2527 777 2842 871 superbe

488 896 956 989 dominatur3
1011 896 1423 970 libertatem
1476 903 1727 970 autem
1781 918 1949 990 quae
2001 897 2245 971 media
2304 904 2435 990 est,
2491 918 2734 991 neque
2765 889 2838 989 (²)

490 1038 838 1112 spernere
867 1024 1296 1110 temperate,
1335 1038 1469 1090 nec
1506 1017 1779 1090 habere
1815 1017 2073 1090 sciunt.
2113 1018 2303 1092 Vera
2340 1024 2589 1092 tamen
2619 1019 2839 1092 liber-

490 1145 602 1212 tas
650 1145 758 1212 est
810 1139 1109 1211 libertas
1159 1138 1407 1230 animi,
1445 1137 1569 1230 qui
1623 1143 1732 1211 est
1783 1138 1968 1210 liber
2016 1159 2061 1210 a
2111 1137 2321 1231 vitiis,
2360 1145 2434 1212 et
2474 1140 2663 1212 hanc
2704 1140 2838 1213 sibi

492 1257 803 1350 quisque
854 1263 1091 1351 potest
1140 1257 1318 1331 dare
1370 1264 2058 1350 quantumcumque
2094 1258 2184 1331 sit
2218 1258 2288 1329 in
2326 1259 2682 1333 servitute
2717 1259 2836 1333 vel

490 1376 904 1471 captivitate
955 1377 1258 1451 alterius
1310 1377 1605 1471 posituS‚
1643 1384 1716 1450 et
1759 1378 1949 1450 hanc
1985 1378 2229 1450 nullus
2264 1383 2499 1472 potest
2551 1378 2839 1472 eripere

489 1495 805 1569 habenti.
868 1497 1068 1570 Hanc
1127 1517 1274 1570 non
1335 1496 1600 1589 eripuit
1660 1496 2048 1590 Dionysius
2113 1503 2471 1591 tyrannus
2533 1499 2836 1592 sapienti

490 1614 793 1688 Platoni.
829 1615 1028 1688 Hanc
1081 1615 1490 1689 libertatem
1531 1616 1911 1709 quaerebat
1947 1617 2062 1690 hic
2102 1616 2355 1689 nobilis
2398 1623 2612 1709 poeta
2646 1618 2840 1691 Dan-

490 1739 625 1808 teS.
678 1735 766 1806 Et
818 1740 898 1808 ut
945 1734 1086 1807 cito
1138 1735 1430 1808 veniam
1482 1734 1574 1808 ad
1627 1736 2105 1828 propositum,
2159 1734 2498 1830 Virgilius
2549 1736 2840 1810 videtur

494 1854 597 1927 sic
646 1873 999 1950 arguere:
1039 1854 1311 1927 si-Cato
1348 1854 1816 1947 philosophus
1851 1875 2184 1948 paganus
2221 1855 2557 1928 toleravit
2593 1856 2839 1930 omnia

492 1973 956 2047 incommoda
995 1973 1413 2046 discrimina
1441 1964 1513 2065 (³)
1553 1973 1885 2065 adversa,
1928 1980 2002 2057 et
2037 1974 2259 2046 etiam
2297 1982 2555 2068 sponte
2589 1995 2668 2048 se
2704 1995 2831 2048 oc-

495 2093 665 2168 cidit
726 2115 864 2190 pro
932 2094 1267 2168 libertate
1334 2094 1715 2186 temporali
1775 2093 2250 2188 defendenda,
2321 2096 2515 2188 quia,
2589 2101 2671 2167 ut
2737 2096 2839 2169 ait

494 2212 846 2307 ValeriuS‚
900 2233 1144 2307 neque
1195 2213 1492 2286 libertas
1528 2212 1706 2286 vixit
1740 2220 1903 2306 post
1939 2215 2317 2308 Catonem,
2354 2222 2630 2307 quanto
2675 2237 2835 2290 me-

492 2331 631 2406 lius
664 2340 899 2428 poeta
951 2333 1386 2407 christianus
1438 2353 1571 2426 pro
1622 2335 2071 2428 acquirenda
2133 2335 2465 2410 libertate
2532 2343 2836 2431 aeterna‚

491 2450 708 2527 debet
741 2453 893 2527 alto
925 2453 1175 2527 animo
1228 2453 1546 2527 tolerare
1581 2474 1839 2528 omnes
1873 2455 2186 2547 laboreS‚
2225 2463 2299 2529 et
2332 2476 2617 2550 aspera,
2655 2463 2728 2531 et
2780 2457 2838 2530 si

491 2572 828 2668 expediat
874 2582 1218 2668 mortem,
1274 2581 1355 2646 ut
1407 2574 1586 2647 liber
1639 2575 1902 2648 evadat
1966 2595 2010 2648 a
2076 2577 2430 2652 servitute
2491 2578 2838 2671 hostium,

491 2691 760 2768 scilicet
811 2693 1181 2788 vitiorum,
1219 2714 1385 2788 quae
1438 2700 1587 2766 tam
1641 2694 1766 2766 diu
1811 2694 2250 2768 obsederant
2284 2696 2478 2769 illam
2518 2696 2836 2769 nobilem

492 2812 812 2886 animam
883 2812 958 2885 in
1025 2833 1326 2888 carcere
1386 2815 1769 2907 corporis?
1836 2816 2046 2887 Nunc
2115 2815 2205 2888 ad
2276 2815 2610 2889 literam:
2670 2815 2841 2888 dicit

492 2933 834 3031 Virgilius
884 2933 1137 3008 Catoni
1188 2934 1281 3008 de
1330 2934 1609 3009 Dante:
1664 2925 1942 3007 Liberat
1991 2956 2085 3006 va
2144 2938 2490 3008 cercando
2558 2938 2659 3007 ch’
2685 2933 2726 3008 e*
2780 2928 2842 3008 si

492 3041 697 3146 cara,
763 3075 987 3149 quam
1054 3054 1354 3149 quidam
1419 3055 1756 3150 gloriosae
1826 3056 2084 3129 mortis
2153 3055 2408 3150 praetio
2473 3064 2839 3150 emerunt,

493 3172 681 3248 sicut
728 3173 977 3247 scribit
1024 3173 1479 3270 Augustinus
1509 3162 1582 3266 (⁴)
1637 3174 1730 3248 de
1766 3175 2072 3249 Civitate
2106 3174 2238 3249 Dei
2271 3175 2363 3249 de
2397 3175 2841 3250 Theobrotto

492 3291 947 3387 philosophe,
1022 3292 1149 3386 qui
1221 3292 1409 3367 lecto
1484 3292 1672 3366 libro
1748 3294 2066 3368 Platonis
2131 3296 2223 3369 de
2292 3295 2839 3372 immortalitate

492 3409 759 3486 animae
807 3411 1284 3507 praecipitavit
1333 3433 1413 3487 se
1463 3413 1554 3488 de
1603 3415 1752 3487 alto
1805 3435 2048 3509 muro,
2087 3421 2168 3487 ut
2217 3416 2311 3489 ad
2358 3415 2583 3489 vitam
2622 3424 2841 3491 aeter-

494 3547 667 3605 nam
718 3551 811 3606 ex
863 3531 1003 3605 hac
1052 3531 1201 3606 vita
1253 3532 1544 3605 mortali
1595 3532 1912 3606 miseriae
1962 3534 2539 3630 transmigraret.
2590 3535 2838 3610 Simile

494 3645 665 3732 fecit
713 3650 931 3746 Cat03
986 3650 1182 3725 unde
1243 3650 1538 3724 adducit
1597 3651 1835 3747 ipsum
1908 3653 1980 3725 in
2041 3654 2491 3748 exemplum,
2541 3654 2835 3728 dicens:

492 3765 683 3843 come
722 3774 810 3865 sa
857 3772 967 3852 cla·
1001 3792 1140 3863 per
1189 3772 1275 3843 lei
1325 3774 1466 3843 vita
1524 3774 1787 3862 rifiuta,
1839 3771 2030 3846 sicut
2090 3778 2170 3846 tu
2232 3773 2410 3847 Cato
2460 3773 2709 3847 fecisti.
2740 3815 2838 3827 —

496 3881 609 3964 Tu‘
647 3891 874 3964 ὕδατ’.
924 3890 1071 3965 Hic
1119 3890 1461 3987 Virgilius
1525 3898 2065 3984 consequenter
2126 3893 2354 3988 tangit
2412 3913 2712 3967 causam
2766 3900 2841 3967 et

492 4027 732 4106 genus
758 4005 1015 4084 mortis
1048 4009 1374 4104 Catonis3
1416 4016 1491 4084 et
1528 4010 1619 4083 ad
1649 4010 1869 4084 huius
1903 4011 2133 4084 literae
2167 4011 2570 4085 claritatem
2599 4013 2840 4107 primo

495 4133 609 4204 est
652 4128 1032 4206 sciendum
1074 4135 1224 4204 tam
1262 4130 1535 4204 utiliter
1570 4152 1797 4224 quam
1835 4131 2378 4226 delectabiliter,
2416 4132 2612 4225 quod
2653 4133 2842 4208 sicut

494 4248 741 4324 scribit
787 4248 1023 4323 Julius
1074 4248 1326 4324 Celsus
1376 4249 1619 4322 socius
1670 4249 1837 4322 Julii
1889 4249 2214 4343 Caesaris,
2259 4251 2385 4344 qui
2432 4252 2656 4326 rebus
2690 4253 2841 4327 istis

604 4473 675 4538 'm
703 4474 767 4526 Ε.
800 4475 958 4527 habet
986 4475 1279 4529 libertatem
1311 4478 1541 4529 abutitur
1572 4490 1650 4528 ea.
1684 4478 1848 4528 Unde.

596 4548 673 4614 (⁸)
701 4549 766 4601 B.
796 4563 897 4602 nee
925 4564 1171 4616 spernere
1204 4552 1422 4613 modice,
1457 4565 1554 4604 nec
1586 4553 1781 4602 habere
1813 4553 1926 4603 scit.
1958 4554 2113 4605 Vera.

616 4622 673 4689 Θ
703 4625 767 4678 Β.
798 4630 855 4679 οἱ
882 4627 1196 4680 discrima.
1310 4656 1315 4662 ·
1572 4628 1626 4693 (⁸)
1660 4629 1721 4679 E.
1755 4629 2081 4694 Augustinus
2113 4631 2285 4694 primo
2318 4631 2382 4681 de
2414 4628 2646 4681 civitate.
