3704 5559
1358 482 1633 538 CANTUS
1683 485 2016 549 QmN'rus.
2057 533 2070 545 .
2718 477 2857 542 145

510 629 629 703 Isti
682 635 935 703 autem
989 602 1314 723 graviter
1363 626 1820 702 offenderant
1869 629 2130 722 Deum,
2177 651 2311 703 nec
2361 631 2861 725 poenituerant

513 750 585 824 in
656 750 802 824 vita
868 748 1058 821 sicut
1109 745 1376 839 David3
1430 746 1592 821 ideo
1652 748 1923 822 merito
1983 749 2397 844 suppliciter
2464 751 2859 846 implorant

510 869 832 945 divinam
885 868 1459 942 misericordiam
1513 868 1938 943 confitentes
1989 870 2239 964 culpas
2300 892 2471 944 suas
2534 871 2855 946 dicentes

510 991 730 1063 simul
801 989 974 1062 illud
1051 988 1325 1063 David:
1401 991 1736 1061 Miserere
1802 993 1935 1062 mei
2000 995 2188 1062 Deus
2254 992 2626 1063 secundum
2699 1011 2856 1062 ma-

509 1132 728 1201 gnam
778 1112 1331 1183 misericordiam
1367 1116 1555 1181 cuam
1569 1135 1599 1202 ;
1643 1117 1710 1181 el
1753 1114 2126 1183 secundum
2177 1114 2670 1183 multitudinem
2722 1114 2857 1182 mi-

511 1235 942 1306 serationum
977 1237 1255 1303 tuarum
1297 1232 1445 1302 dele
1478 1233 1902 1321 iniquitatem
1955 1253 2182 1303 meam
2232 1240 2368 1305 etc.
2405 1231 2603 1305 Deus
2648 1212 2844 1306 enim

515 1359 597 1425 ut
671 1352 842 1425 dicit
909 1353 1218 1425 devotus
1294 1351 1735 1444 BernarduS,
1801 1351 2069 1424 dicitur
2146 1352 2363 1425 Pater
2439 1351 2864 1425 misericor-⁴

512 1472 826 1565 diarum,
895 1462 1068 1545 non‘
1110 1470 1468 1561 ultionum
1534 1471 1648 1545 vel
1688 1472 2162 1566 judiciorum,
2227 1472 2399 1566 quia
2466 1471 2854 1545 miserendi

513 1613 813 1667 causam
869 1597 942 1666 et
990 1590 1347 1687 originem
1403 1591 1628 1665 sumit
1680 1612 1770 1665 ex
1808 1592 2126 1686 proprio,
2164 1592 2555 1666 ulciscendi
2600 1598 2850 1666 autem

516 1712 749 1808 magis
798 1733 889 1786 ex
945 1719 1216 1805 nostr0‚
1269 1713 1420 1786 imo
1490 1714 1806 1805 quadam
1870 1713 2147 1807 justitia
2203 1713 2492 1787 videtur
2549 1713 2856 1787 misere-
2951 1788 2956 1792 .

514 1834 602 1927 ri,
655 1834 824 1926 quia
879 1833 1097 1927 impia
1150 1839 1259 1907 est
1298 1833 1578 1927 justitia
1635 1854 1803 1925 quae
1865 1835 2210 1907 humanae
2276 1833 2642 1929 fragilitati
2708 1854 2854 1907 non

514 1952 714 2027 novit
767 1954 1165 2047 ignoscere.
1220 1953 1309 2024 Et
1358 1953 1563 2026 dicit:
1620 1975 1665 2025 α
1720 1975 1921 2025 verso
1957 1974 2005 2025 a
2037 1975 2262 2025 verso,
2301 1952 2408 2026 Ad
2449 1952 2648 2046 quod
2684 1958 2855 2027 nota

515 2073 711 2168 quod
761 2073 988 2147 David
1041 2073 1321 2167 scripsit
1374 2068 1709 2166 psalmos
1739 2085 1914 2146 suos
1965 2068 2102 2146 sub
2155 2073 2316 2168 lege
2378 2073 2620 2165 metri,
2669 2072 2868 2147 sicut·

515 2203 589 2271 et
639 2184 993 2270 Jeremias
1045 2195 1395 2288 planctus.
1459 2193 1665 2268 Unde
1725 2194 1991 2267 Arator
2053 2200 2264 2288 poeta
2335 2194 2505 2267 dicit
2534 2187 2650 2285 (¹):
2706 2198 2856 2265 Me-

519 2319 696 2388 trica
745 2317 848 2386 vis
897 2317 1125 2386 saeris
1175 2334 1320 2384 non
1370 2320 1470 2385 est
1514 2316 1869 2402 incoynica
1926 2314 2122 2386 libris
2179 2316 2594 2385 Psallerium
2652 2314 2856 2402 lyrici

517 2454 959 2526 composuere
1008 2435 1215 2504 modi.
1272 2433 1456 2506 Nota
1507 2433 1725 2506 etiam
1781 2434 1978 2526 quod
2039 2432 2262 2507 David
2326 2434 2494 2507 secit
2552 2438 2849 2506 centum

519 2554 1044 2651 quinquaginta
1106 2554 1445 2647 psalmoe,
1498 2560 1570 2627 et
1640 2575 1898 2627 versus
1969 2554 2117 2626 duo
2181 2553 2403 2628 millia
2470 2557 2853 2627 sexcentos

518 2698 641 2752 sex
678 2667 776 2768 (²).
829 2674 1034 2748 Unde
1086 2694 1389 2765 versus:
1454 2679 1585 2745 Ter
1636 2676 2158 2764 quinquayenos
2202 2676 2444 2745 David
2491 2674 2680 2744 canit
2727 2690 2854 2742 or-

517 2801 677 2872 dine
723 2800 1067 2889 psalmos,
1133 2799 1381 2867 Versus
1431 2795 1533 2866 bis
1592 2797 1772 2867 mille
1834 2801 2194 2866 sexcentos
2264 2815 2397 2865 seoe
2459 2796 2647 2865 canit
2716 2794 2849 2864 ille.

516 2918 622 2992 De
672 2916 941 3010 quibus
992 2915 1285 3009 psalmis
1352 2920 1631 3008 septem
1697 2914 2157 3008 appellantur
2215 2911 2646 3007 spiritualeS‚
2701 2911 2854 2985 sive

516 3038 1086 3136 poenitentiales;
1150 3036 1242 3110 ad
1304 3057 1625 3129 quorum
1680 3034 2220 3108 similitudinem
2277 3034 2672 3107 Petrarcha
2723 3053 2856 3104 no-

517 3167 665 3235 ster
715 3158 885 3233 fecit
933 3157 1109 3230 alios
1161 3162 1472 3249 septem3
1533 3162 1607 3230 et
1675 3177 1866 3228 unus
1916 3153 2446 3245 devotissimuS,
2509 3153 2634 3246 qui
2698 3172 2860 3225 ma-

514 3281 625 3379 gis
693 3279 982 3353 videtur
1050 3298 1319 3352 vocare
1385 3278 1620 3350 Deum
1701 3277 1793 3350 ad
1863 3273 2462 3367 misericordiam,
2550 3279 2661 3347 est
2723 3271 2857 3346 iste

517 3402 885 3497 psalmus:
938 3402 1288 3470 Miserere.
1342 3397 1510 3470 Ideo
1562 3398 1751 3471 bene
1795 3397 1912 3469 isti
1954 3396 2332 3469 tendentes
2367 3393 2458 3469 ad
2496 3392 2858 3487 poeniten-

517 3523 693 3597 tiam
748 3525 1038 3595 cantant
1084 3507 1308 3602 'istum
1363 3518 1726 3611 psalmum
1795 3515 2394 3611 poenitentialem,
2448 3519 2544 3604 et·
2581 3513 2694 3585 isti
2759 3511 2857 3584 si-

518 3643 785 3717 militer
834 3637 1169 3713 admirati
1222 3642 1391 3711 sunt
1451 3637 1545 3711 de
1605 3636 1837 3710 Dante
1890 3635 2078 3709 vivo.
2133 3633 2337 3707 Unde
2400 3633 2591 3726 dicit,
2658 3630 2855 3724 quod

521 3763 632 3836 isti
701 3762 982 3853 quando
1046 3761 1102 3830 s'
1131 3779 1458 3830 accerser
1527 3760 1629 3829 ch’
1655 3760 1724 3828 io
1775 3777 1919 3827 non
1968 3757 2160 3826 deva
2214 3756 2367 3825 loco
2431 3754 2508 3823 al
2573 3758 2859 3842 {rapas-

519 3904 647 3955 sar
695 3884 799 3954 de’
823 3881 1063 3969 rayyi,
1117 3877 1409 3969 scilicet,
1461 3875 1838 3967 solarium,
1868 3895 2003 3965 per
2054 3876 2120 3945 lo
2173 3876 2313 3944 mio
2362 3893 2608 3962 corpo,
2661 3869 2859 3963 quod

521 4024 667 4077 non
717 4007 879 4076 erat
928 4000 1291 4094 pervium,
1346 4005 1418 4071 et
1470 3996 1632 4070 ideo
1685 3993 1994 4069 faciebat
2047 3991 2415 4083 umbram,
2459 3997 2693 4062 mutar
2747 3992 2862 4061 lor

519 4129 751 4212 canto,
810 4119 1078 4193 scilicet
1138 4117 1565 4210 devotionis,
1630 4120 1700 4187 in
1766 4136 1863 4186 un
1931 4119 1991 4185 Ο
2039 4116 2251 4203 lunqo
2304 4133 2340 4182 e
2400 4132 2600 4201 νοοο,
2665 4108 2862 4202 quod

521 4242 654 4316 suit
703 4241 994 4336 signum
1048 4237 1566 4329 admirationis,
1620 4236 1794 4328 quia
1844 4238 2230 4328 coeperunt
2281 4252 2537 4305 omnes
2586 4229 2862 4324 pariter

522 4364 882 4438 clamare:
936 4381 981 4433 o
1048 4360 1265 4452 quale
1331 4356 1772 4430 miraculum
1843 4353 2041 4448 quod
2106 4373 2296 4425 unus
2369 4351 2577 4425 vivus
2647 4349 2864 4424 vadat

648 4614 703 4674 (¹)
734 4614 794 4662 E.
827 4612 967 4662 dixit.
1470 4607 1522 4672 (¹)
1562 4609 1616 4657 Ε.
1652 4621 1764 4656 sex:
1801 4607 1937 4656 unde
1970 4606 2182 4654 dicitur:
2224 4607 2333 4654 Ter.

789 4719 869 4761 111.
2547 4709 2598 4750 ¹⁰
