3704 5559
818 442 912 509 82
1424 492 1429 501 .
1543 456 1951 511 COMENTUM
2000 458 2436 511 PURGATonu

812 602 1021 698 gregi
1074 601 1368 677 illarum
1417 602 1863 696 animarum,
1924 602 2097 676 dicit
2147 602 2346 696 quod
2396 602 2548 697 ipse
2599 602 2799 675 solus
2852 603 3170 677 recurrit

813 721 907 794 ad
956 722 1223 797 ducem
1274 744 1493 796 suum
1549 723 1960 819 Virgilium,
1998 723 2154 796 sine
2199 744 2348 816 quo
2385 743 2533 796 non
2586 728 2875 817 poterat
2910 744 3168 798 ascen—

810 842 988 916 dere
1043 851 1391 918 montem.
1446 844 1629 918 Dicit
1680 864 1861 939 ergo
1925 841 2464 916 continuative:
2536 846 2619 915 Io
2678 846 2776 915 mi
2832 845 3168 935 rislrinsi,

813 961 1015 1055 idest,
1070 964 1375 1037 strictim
1430 964 1689 1039 reduxi
1743 985 1891 1058 me,
1944 966 2091 1036 alla
2133 965 2287 1055 fida
2337 984 2761 1055 compayna,
2815 963 3020 1059 idest,
3075 967 3166 1039 ad

816 1081 1200 1179 Virgilium
1253 1083 1541 1160 fidelem
1595 1084 1945 1177 amicum,
2001 1083 2128 1176 qui
2184 1104 2596 1176 numquam
2632 1083 2957 1158 deseruit
2992 1105 3166 1160 eum

819 1225 1211 1298 quousque
1278 1206 1511 1300 potuit
1558 1206 1840 1280 sociare
1903 1205 2191 1299 ipsum3
2254 1205 2380 1298 qui
2440 1204 2783 1301 Virgilius
2825 1206 2982 1299 jam
3035 1205 3166 1281 de-

821 1325 1103 1400 stiterat
1133 1320 1204 1419 (¹)
1260 1348 1305 1400 a
1358 1327 1553 1422 fuga,
1608 1348 1884 1417 aveyna
1933 1328 2051 1398 che
2103 1330 2174 1399 la
2222 1326 2548 1399 subitana
2583 1330 2787 1420 fuya,
2840 1333 3002 1422 post
3046 1349 3167 1402 re-

820 1445 1380 1538 prehensionem
1432 1446 1745 1540 CatoniS,
1798 1449 2229 1538 disperyesse
2278 1449 2502 1537 color,
2553 1446 2759 1540 idest,
2810 1445 2968 1520 illas
3009 1448 3167 1521 ani-

820 1584 979 1636 mas
1029 1586 1279 1660 vanaS‚
1330 1566 1542 1660 quasi
1593 1565 1821 1639 dicat:
1877 1565 2043 1639 licet
2093 1565 2474 1659 dispersim
2517 1565 2858 1662 sugerent
2909 1588 3166 1643 omnes

819 1682 974 1756 sine
1008 1684 1218 1779 duce,
1250 1708 1382 1778 per
1420 1689 1494 1758 la
1542 1705 1971 1776 campayna,
2007 1684 2212 1779 idest,
2250 1686 2622 1779 planitiem
2662 1686 2849 1759 illius
2889 1688 3169 1782 insulae,

817 1805 1053 1875 rivolta·
1100 1807 1178 1876 al
1223 1812 1471 1899 monte,
1515 1805 1788 1879 scilicet
1838 1805 2247 1901 purgatorii
2301 1806 2680 1880 tendentes
2733 1827 2991 1882 versus
3042 1829 3171 1883 oc-

821 1921 1181 1997 cidentem
1235 1944 1408 1997 cum
1461 1927 1615 1998 sole
1661 1946 1706 1999 a
1761 1934 1994 2021 tergo,
2046 1947 2172 1999 ove
2229 1929 2490 2017 rayion
2539 1948 2625 1998 ne
2670 1932 2919 2022 sruqa,
2965 1927 3169 2022 idest,

825 2043 898 2116 in
949 2064 1097 2136 quo
1151 2045 1432 2138 justitia
1492 2045 1819 2118 stimulat
1879 2051 1953 2119 et
2013 2052 2281 2141 purgat
2309 2038 2383 2139 (²)
2453 2068 2607 2121 nos.
2670 2048 2756 2120 Et
2826 2049 3172 2123 continuo

825 2162 991 2236 facit
1024 2164 1605 2258 antipophoram,
1644 2164 1926 2238 dicens:
1970 2187 2161 2238 come
2202 2170 2395 2239 sarci
2427 2171 2497 2239 io
2537 2189 2754 2240 senza
2790 2171 2887 2241 lui
2917 2176 3173 2242 corso?

825 2282 1012 2355 sicut
1076 2282 1402 2356 feceram
1463 2285 1683 2378 paulo
1742 2293 1914 2358 ante
1976 2306 2149 2359 cum
2221 2307 2336 2380 eo,
2400 2288 2611 2380 quasi
2670 2288 2907 2361 dicat:
2971 2289 3172 2362 nullo

827 2401 1079 2495 modo;
1109 2404 1217 2474 chi
1242 2405 1542 2475 m’avria
1576 2410 1787 2476 tralto
1819 2426 1902 2476 su
1925 2427 2056 2497 per
2084 2410 2157 2479 la
2183 2414 2626 2498 montayna?
2649 2414 2800 2481 tam
2830 2407 3167 2499 arduam,

833 2529 912 2597 ut
959 2522 1243 2597 dicetur
1294 2525 1512 2619 paulo
1555 2531 1737 2619 post,
1783 2526 1992 2619 quasi
2038 2528 2270 2600 dicat:
2316 2528 2559 2601 nullus
2603 2528 2733 2601 nisi
2776 2528 2950 2623 ipse,
2999 2528 3170 2621 quia

826 2643 977 2717 sola
1031 2639 1217 2718 ratio
1269 2644 1466 2718 ducit
1517 2645 1892 2719 hominem
1946 2646 2037 2719 ad
2091 2648 2437 2722 virtutem
2503 2648 2958 2723 illuminante
3018 2650 3173 2724 sole

824 2764 1087 2839 divinae
1137 2765 1414 2861 gratiae.
1443 2807 1542 2819 —
1568 2768 1657 2839 Ei
1720 2769 1815 2840 mi
1866 2790 2119 2859 parea.
2174 2769 2303 2843 Hic
2363 2776 2579 2865 poeta
2643 2770 2985 2845 describit
3042 2771 3178 2846 bo-

827 2906 999 2959 nam
1051 2885 1590 2980 dispositionem
1643 2887 1921 2983 Virgilii
1973 2893 2046 2962 et
2098 2889 2234 2982 sui,
2291 2890 2463 2983 quia
2515 2891 2786 2968 scilicet
2838 2892 3181 2988 Virgilius

830 3006 1090 3080 redivit
1138 3006 1232 3079 ad
1283 3028 1496 3080 suam
1548 3008 2013 3103 gravitatem,
2068 3015 2142 3082 et
2195 3009 2347 3103 ipse
2397 3012 2489 3084 ad
2523 3033 2745 3086 suum
2782 3013 3176 3107 principale

828 3123 1223 3219 intentum3
1277 3127 1472 3200 unde
1522 3127 1693 3203 dicit
1742 3128 1981 3223 primo
2031 3129 2124 3206 de
2177 3130 2515 3225 Virgilio:
2562 3136 2627 3205 ei
2662 3137 2759 3205 mi
2794 3155 3034 3226 parea
3081 3137 3179 3206 da

829 3265 903 3318 se
952 3251 1165 3316 stesso
1204 3249 1537 3336 rimorsO,
1573 3247 1864 3342 scilicet,
1904 3269 2243 3322 remorsu
2277 3239 2349 3340 (³)
2387 3251 2867 3327 conscientiae.
2914 3252 3178 3326 Dicunt

831 3362 1042 3436 multi
1094 3364 1186 3437 de
1251 3385 1508 3440 errore
1566 3387 1724 3460 suo,
1779 3368 1953 3461 quia
2013 3391 2234 3463 supra
2296 3378 2686 3445 vacaverat
2751 3372 2850 3445 ita
2901 3379 3177 3447 attente

832 3483 1078 3556 cantui
1106 3471 1181 3575 (⁴)
1233 3484 1423 3560 illius
1473 3487 1805 3561 Casellae:
1856 3496 1936 3561 tu
1989 3509 2167 3563 vero
2203 3489 2317 3563 dic
2358 3491 2554 3583 quod
2590 3498 2750 3566 erat
2798 3514 3177 3568 remorsus

833 3623 968 3697 pro
1037 3603 1442 3679 festinantia
1510 3627 1797 3701 cursus,
1850 3629 2018 3702 quae
2076 3609 2526 3684 disconvenit
2586 3611 2744 3686 viro
2807 3613 3041 3708 gravi,
3096 3620 3176 3685 ut

831 3721 1153 3798 declarat
1203 3724 1412 3801 litera
1463 3748 1799 3820 sequens.
1844 3728 2050 3804 Unde
2085 3730 2447 3805 exclamat
2485 3731 2557 3804 in
2599 3733 3179 3808 commendatio-

832 3863 1006 3917 nem
1056 3844 1269 3918 bonae
1321 3845 1824 3920 conscientiae:
1888 3852 1974 3938 Ο,
2027 3847 2230 3943 idest,
2281 3850 2465 3944 dico,
2512 3856 2900 3926 coscienzia
2948 3857 3183 3946 dique·-

835 3970 1012 4055 tosa,
1064 3963 1267 4059 idest,
1319 3965 1789 4063 dignitatibus
1840 3966 2077 4061 plena,
2145 3992 2182 4041 e
2231 3977 2441 4061 nelca,
2487 3970 2690 4066 idest,
2736 3994 2946 4067 pura.
2990 3974 3184 4048 Con-

833 4084 1132 4158 scientia
1184 4086 1379 4158 enim
1433 4085 1697 4160 dicitur
1750 4087 1956 4179 quasi
1993 4109 2164 4161 cum
2202 4090 2343 4163 alio
2379 4091 2698 4186 scientia,
2736 4114 2909 4166 cum
2960 4096 3186 4170 homo

834 4209 944 4276 est
995 4202 1127 4276 sihi
1179 4206 1512 4279 conscius
1582 4228 1894 4280 suorum
1947 4207 2313 4281 bonorum
2373 4210 2491 4285 vel
2542 4212 2963 4308 malorum3
3024 4215 3188 4289 ideo

833 4320 1048 4396 dicit:
1113 4345 1304 4397 come
1369 4329 1415 4397 ι’
1441 4319 1482 4398 ἐ
1530 4330 1778 4418 pice-iol
1835 4330 2016 4420 sallo
2084 4349 2341 4401 amaro
2412 4339 2711 4405 morso!
2774 4334 2949 4426 quia
3015 4334 3186 4408 illud

960 4511 1015 4573 (¹)
1047 4510 1109 4560 E.
1143 4511 1358 4563 distabat
1392 4513 1498 4563 sive
1530 4514 1811 4564 destiterat.
1939 4513 1994 4576 (²)
2029 4518 2137 4576 117,
2173 4517 2354 4579 pungit
2385 4532 2497 4568 nos.
2625 4517 2681 4582 (⁸)
2711 4519 2774 4571 E.
2807 4533 3005 4572 morsu.

961 4587 1015 4650 (⁸)
1046 4586 1099 4636 S.
1132 4592 1290 4638 cantu
1319 4589 1461 4639 illius
1490 4589 1876 4642 Casellaen-E.
1910 4592 2083 4642 cantui
2115 4592 2253 4643 illius
2285 4594 2366 4644 sui
2396 4593 2624 4648 Casellae.
