3704 5559
1394 512 1672 568 CANTUS
1721 514 2076 580 QUARTus.
2771 503 2908 568 125

560 657 891 753 peractus
943 657 1267 732 novitate
1320 658 1426 732 rei
1478 658 1828 731 mirabilis
1865 665 1939 732 et
1973 658 2275 744 insolitae
2323 658 2524 753 mihi,
2573 662 2650 732 al
2694 679 2912 731 carro

563 781 749 852 della
799 781 973 869 luce,
1024 778 1227 871 idest,
1280 779 1471 870 soliS,
1528 778 1646 852 cui
1696 785 1932 872 poetae
1980 778 2394 851 attribuunt
2446 778 2908 874 quadrigam,

558 898 764 993 idest,
831 920 1139 973 currum
1210 905 1532 993 quatuor
1598 905 1955 992 rotarum,
2008 899 2183 990 quia
2242 899 2348 973 sol
2420 899 2636 973 efficit
2702 899 2909 973 nobis

560 1026 882 1113 quatuor
936 1024 1267 1113 tempora
1320 1020 1514 1112 anni,
1550 1019 1818 1111 quibus
1860 1019 2208 1093 velociter
2259 1019 2514 1113 currit,
2553 1026 2627 1094 et
2660 1019 2905 1092 lucem

558 1156 771 1210 suam
821 1136 1187 1230 dispensat
1237 1147 1312 1213 et
1361 1136 1726 1210 distribuit
1776 1137 2155 1231 omnibus;
2211 1144 2285 1211 et
2334 1137 2551 1211 dicit:
2615 1159 2742 1210 ove
2791 1145 2907 1210 tra

557 1260 680 1330 noi
726 1265 793 1330 et
838 1261 1177 1354 Aquilone
1226 1260 1535 1348 incr-ava,
1590 1257 1795 1350 idest,
1849 1257 2040 1330 inter
2103 1257 2294 1351 ipsos
2344 1263 2417 1332 et
2469 1257 2909 1350 septentrio-

556 1397 772 1471 nem3
826 1384 901 1452 et
951 1378 1268 1474 intellige
1304 1379 1501 1473 quod
1547 1378 1887 1475 Virgilius
1926 1384 1999 1452 et
2033 1379 2303 1451 Dantes
2346 1384 2559 1453 erant
2599 1397 2796 1452 nunc
2831 1377 2905 1450 in

554 1497 998 1593 hemisperio
1050 1499 1171 1573 illo
1222 1499 1571 1593 inferiori,
1624 1499 1975 1591 quoniam
2027 1499 2101 1571 in
2151 1504 2402 1572 nostro
2446 1499 2584 1572 hoc
2617 1504 2727 1571 est
2760 1497 2905 1570 im-

552 1617 913 1712 possibile.
967 1618 1314 1692 Videmus
1365 1618 1560 1692 enim
1625 1619 1856 1692 solem
1924 1617 2121 1691 nasci
2187 1638 2278 1692 ex
2342 1617 2603 1691 dextra
2668 1624 2900 1711 parte,

555 1737 768 1831 quasi
816 1736 1007 1811 inter
1047 1738 1407 1812 orientem
1461 1745 1535 1811 et
1586 1744 1951 1831 austrum,
1988 1744 2063 1811 et
2095 1736 2431 1811 occidere
2484 1736 2556 1809 in
2609 1736 2901 1809 sinistra

554 1863 766 1954 parte
815 1857 889 1930 in
941 1858 1323 1950 obliquum
1379 1857 1586 1952 quasi
1638 1857 1827 1931 inter
1848 1856 2318 1931 *occidentem
2356 1861 2431 1929 et
2464 1855 2902 1949 septentrio-

554 1997 766 2052 nem:
822 1978 961 2052 hoc
1011 1983 1262 2051 autem
1316 1986 1604 2051 certum
1665 1984 1776 2052 est
1825 1976 2255 2073 contingere
2320 1997 2465 2051 non
2528 1995 2621 2050 ex
2686 1981 2894 2049 motu

552 2099 775 2195 ipsius
816 2099 1008 2192 solis,
1044 2099 1171 2173 sed
1224 2118 1313 2172 ex
1369 2105 1576 2171 motu
1631 2096 2100 2191 firmamenti,
2137 2118 2180 2169 a
2223 2117 2372 2189 quo
2417 2096 2740 2191 quotidie
2776 2116 2901 2169 re-

550 2221 790 2296 fertur
840 2220 933 2294 ad
983 2239 1354 2312 occasum,
1390 2218 1587 2311 quod
1631 2218 2182 2291 firmamentum
2221 2223 2566 2291 movetur
2599 2216 2899 2310 oblique

556 2341 792 2434 nobis3
842 2340 1007 2414 ideo
1057 2340 1247 2414 bene
1296 2338 1465 2411 dicit
1516 2339 1784 2411 Dantes
1818 2337 2016 2430 quod
2050 2338 2157 2411 sol
2192 2336 2510 2410 intrabat
2560 2335 2655 2408 ibi
2709 2335 2898 2409 inter

552 2480 681 2536 eos
730 2467 806 2536 et
856 2458 1448 2554 septentrionem,
1499 2457 1673 2551 quia
1722 2456 2059 2531 occidens
2109 2463 2444 2530 nostrum
2496 2454 2605 2529 est
2655 2455 2899 2528 oriens

550 2579 670 2655 ibi.
726 2581 930 2675 Unde
993 2585 1165 2653 nota
1222 2577 1533 2651 ulterius
1596 2576 1794 2668 quod
1855 2597 1899 2650 a
1961 2575 2195 2649 tribus
2258 2574 2585 2669 partibus
2645 2579 2888 2665 terrae,

551 2701 822 2776 scilicet
871 2700 1177 2793 oriente,
1229 2698 1628 2792 occidente,
1681 2696 2008 2790 meridie,
2053 2694 2390 2791 splendor
2441 2694 2609 2767 solis
2660 2698 2893 2787 potest

547 2821 826 2897 intrare
861 2821 934 2895 in
969 2840 1524 2916 quamcumque
1557 2819 1888 2911 domum,
1916 2818 2041 2891 sed
2079 2837 2123 2890 a
2158 2815 2651 2909 septentrione
2703 2836 2895 2888 nun-

549 2963 827 3037 quam3
878 2941 1075 3035 quod
1129 2939 1288 3014 ideo
1340 2938 1711 3034 contingit,
1751 2938 1925 3031 quia
1976 2937 2082 3010 sol
2135 2955 2519 3028 nunquam
2563 2934 2760 3008 venit
2802 2931 2894 3006 ad

547 3062 1142 3158 septentrionem.
1172 3101 1271 3114 —
1304 3063 1483 3133 Ond'
1509 3062 1624 3132 elli
1672 3081 1721 3130 a
1770 3078 1897 3130 me.
1936 3058 2065 3131 Hic
2101 3062 2315 3150 poeta
2357 3061 2604 3129 noster
2643 3061 2895 3127 osten-

546 3181 650 3257 dit
699 3182 1016 3276 qualiter
1066 3180 1409 3277 Virgilius
1459 3178 1942 3253 declaraverit
1980 3176 2113 3250 sibi
2167 3194 2402 3270 quare
2451 3182 2527 3249 et
2577 3173 2893 3269 qualiter

546 3302 655 3378 sol
705 3302 929 3377 intrat
979 3301 1190 3375 aliter
1239 3300 1313 3373 in
1364 3300 1485 3373 illo
1538 3297 2001 3393 hemisperio,
2050 3296 2261 3371 aliter
2310 3295 2385 3367 in
2437 3300 2707 3368 nostro.
2747 3292 2888 3367 Sed

544 3428 946 3517 antequam
997 3420 1434 3521 descendam
1496 3420 1588 3493 ad
1653 3418 2181 3513 expositionem
2244 3415 2497 3508 literae,
2550 3415 2641 3488 ad
2701 3413 2893 3488 illius

545 3541 821 3617 claram
873 3540 1420 3637 intelligentiam
1488 3543 1776 3633 oportet
1841 3538 2081 3632 primo
2144 3535 2390 3629 aliqua
2460 3540 2739 3608 notare.
2803 3533 2890 3605 Et

543 3662 784 3758 primo
834 3661 1032 3757 quod
1080 3661 1350 3736 coelum
1406 3666 1516 3733 est
1568 3679 1834 3753 corpus
1886 3657 2280 3752 spericum,
2332 3655 2407 3728 in
2460 3654 2671 3729 cuius
2729 3672 2889 3727 me-

545 3780 663 3857 dio
713 3790 827 3858 est
886 3803 1080 3857 unus
1144 3782 1488 3875 circuluS,
1541 3779 1866 3854 dividens
1919 3778 2155 3871 ipsum
2225 3775 2501 3848 coelum
2567 3773 2639 3845 in
2705 3774 2889 3847 duas

543 3909 789 3998 partes
845 3903 1194 3997 aequaleS,
1244 3902 1372 3995 qui
1422 3906 1734 3976 vocatur
1784 3894 2353 3992 aequinoctialis:
2406 3899 2577 3968 sunt
2635 3899 2711 3966 et
2761 3892 2883 3966 alii

542 4020 692 4097 duo
727 4021 980 4097 circuli
1014 4021 1556 4116 aequidistantes
1581 4020 1676 4094 ab
1701 4019 1846 4113 illo,
1873 4019 2061 4092 alter
2093 4036 2139 4090 a
2164 4015 2446 4107 dextra,
2482 4012 2669 4086 alter
2702 4032 2748 4086 a
2780 4011 2881 4084 si-

543 4142 792 4239 nistra,
827 4144 953 4238 qui
1004 4143 1351 4219 dicuntur
1403 4140 1696 4234 tropici3
1749 4158 2074 4234 quorum
2128 4155 2324 4208 unus
2376 4139 2683 4209 vocatur
2725 4139 2880 4206 tro-

540 4262 749 4359 picus
798 4263 1069 4357 cancri,
1110 4263 1266 4338 sive
1314 4259 1675 4353 aestivaliS,
1712 4259 1885 4352 quia
1935 4278 2107 4332 cum
2160 4256 2269 4330 sol
2317 4252 2738 4349 pervenerit
2786 4253 2878 4326 ad

540 4382 904 4460 circulum
928 4384 1150 4458 istum
1175 4382 1250 4456 in
1276 4382 1485 4477 signo
1511 4378 1756 4455 cancri
1783 4375 1953 4453 sa'cit
1978 4376 2186 4451 nobis
2208 4380 2571 4467 aestatem3
2597 4375 2782 4448 alter
2801 4365 2875 4464 (¹)

666 4645 725 4710 ζ’)
757 4646 809 4697 S.
842 4659 873 4696 e
906 4646 966 4696 E.
999 4646 1128 4696 alius
1158 4659 1300 4696 vero.
