<?xml version="1.0" encoding="UTF-8"?>
<!DOCTYPE html PUBLIC "-//W3C//DTD XHTML 1.0 Transitional//EN"
    "http://www.w3.org/TR/xhtml1/DTD/xhtml1-transitional.dtd">
<html xmlns="http://www.w3.org/1999/xhtml" xml:lang="en" lang="en">
 <head>
  <title>
</title>
<meta http-equiv="Content-Type" content="text/html;charset=utf-8" />
  <meta name='ocr-system' content='tesseract 3.04.00' />
  <meta name='ocr-capabilities' content='ocr_page ocr_carea ocr_par ocr_line ocrx_word'/>
</head>
<body>
  <div class='ocr_page' id='page_1' title='image "benvenutideramb00lacagoog_0360.png"; bbox 0 0 3704 5559; ppageno 0'>
   <div class='ocr_carea' id='block_1_1' title="bbox 822 478 2439 545">
    <p class='ocr_par' dir='ltr' id='par_1_1' title="bbox 822 478 2439 545">
     <span class='ocr_line' id='line_1_1' title="bbox 822 478 2439 545; baseline -0.004 0"><span class='ocrx_word' id='word_1_1' title='bbox 822 478 962 545; x_wconf 80' lang='lat'>348</span> <span class='ocrx_word' id='word_1_2' title='bbox 1537 486 1945 542; x_wconf 67' lang='lat' dir='ltr'>coMEN‘rtm</span> <span class='ocrx_word' id='word_1_3' title='bbox 1995 488 2439 541; x_wconf 70' lang='lat' dir='ltr'>Punessonn</span> 
     </span>
    </p>
   </div>
   <div class='ocr_carea' id='block_1_2' title="bbox 811 624 3167 3819">
    <p class='ocr_par' dir='ltr' id='par_1_2' title="bbox 811 624 3167 3819">
     <span class='ocr_line' id='line_1_2' title="bbox 818 624 3162 723; baseline -0.002 -14"><span class='ocrx_word' id='word_1_4' title='bbox 818 635 1046 709; x_wconf 87' lang='lat' dir='ltr'>dicat:</span> <span class='ocrx_word' id='word_1_5' title='bbox 1100 634 1200 708; x_wconf 87' lang='lat' dir='ltr'>ita</span> <span class='ocrx_word' id='word_1_6' title='bbox 1250 632 1710 707; x_wconf 83' lang='lat' dir='ltr'>convalescet</span> <span class='ocrx_word' id='word_1_7' title='bbox 1762 631 1995 704; x_wconf 84' lang='lat' dir='ltr'>virtus</span> <span class='ocrx_word' id='word_1_8' title='bbox 2016 624 2120 723; x_wconf 81' lang='lat'>(&#39;)‚</span> <span class='ocrx_word' id='word_1_9' title='bbox 2187 632 2306 703; x_wconf 79' lang='lat' dir='ltr'>che</span> <span class='ocrx_word' id='word_1_10' title='bbox 2362 651 2505 702; x_wconf 83' lang='lat' dir='ltr'>non</span> <span class='ocrx_word' id='word_1_11' title='bbox 2554 650 2697 722; x_wconf 81' lang='lat' dir='ltr'>pur</span> <span class='ocrx_word' id='word_1_12' title='bbox 2757 652 2900 704; x_wconf 83' lang='lat' dir='ltr'>non</span> <span class='ocrx_word' id='word_1_13' title='bbox 2951 634 3162 704; x_wconf 73' lang='lat' dir='ltr'>senti-</span> 
     </span>
     <span class='ocr_line' id='line_1_3' title="bbox 817 749 3163 846; baseline -0 -20"><span class='ocrx_word' id='word_1_14' title='bbox 817 776 1051 827; x_wconf 79' lang='lat' dir='ltr'>ranno</span> <span class='ocrx_word' id='word_1_15' title='bbox 1095 756 1341 846; x_wconf 70' lang='lat' dir='ltr'>salica,</span> <span class='ocrx_word' id='word_1_16' title='bbox 1394 752 1582 826; x_wconf 90' lang='lat' dir='ltr'>sicut</span> <span class='ocrx_word' id='word_1_17' title='bbox 1632 750 1877 844; x_wconf 88' lang='lat' dir='ltr'>modo,</span> <span class='ocrx_word' id='word_1_18' title='bbox 1944 770 2064 822; x_wconf 87' lang='lat' dir='ltr'>ma</span> <span class='ocrx_word' id='word_1_19' title='bbox 2125 752 2229 841; x_wconf 81' lang='lat' dir='ltr'>fia</span> <span class='ocrx_word' id='word_1_20' title='bbox 2291 752 2522 823; x_wconf 73' lang='lat' dir='ltr'>diletto</span> <span class='ocrx_word' id='word_1_21' title='bbox 2585 751 2724 840; x_wconf 86' lang='lat' dir='ltr'>lor,</span> <span class='ocrx_word' id='word_1_22' title='bbox 2776 749 2979 843; x_wconf 88' lang='lat' dir='ltr'>idest,</span> <span class='ocrx_word' id='word_1_23' title='bbox 3034 749 3163 825; x_wconf 90' lang='lat' dir='ltr'>sed</span> 
     </span>
     <span class='ocr_line' id='line_1_4' title="bbox 818 868 3163 968; baseline -0.001 -22"><span class='ocrx_word' id='word_1_24' title='bbox 818 874 1056 968; x_wconf 88' lang='lat' dir='ltr'>potius</span> <span class='ocrx_word' id='word_1_25' title='bbox 1107 894 1153 948; x_wconf 94' lang='lat' dir='ltr'>e</span> <span class='ocrx_word' id='word_1_26' title='bbox 1208 879 1462 948; x_wconf 88' lang='lat' dir='ltr'>contra</span> <span class='ocrx_word' id='word_1_27' title='bbox 1529 870 1667 945; x_wconf 93' lang='lat' dir='ltr'>erit</span> <span class='ocrx_word' id='word_1_28' title='bbox 1728 870 2158 944; x_wconf 89' lang='lat' dir='ltr'>delectabile</span> <span class='ocrx_word' id='word_1_29' title='bbox 2219 869 2386 963; x_wconf 88' lang='lat' dir='ltr'>ipsis</span> <span class='ocrx_word' id='word_1_30' title='bbox 2459 868 2787 963; x_wconf 88' lang='lat' dir='ltr'>pedibus,</span> <span class='ocrx_word' id='word_1_31' title='bbox 2845 891 3033 943; x_wconf 81' lang='lat' dir='ltr'>esser</span> <span class='ocrx_word' id='word_1_32' title='bbox 3078 892 3163 943; x_wconf 74' lang='lat' dir='ltr'>su</span> 
     </span>
     <span class='ocr_line' id='line_1_5' title="bbox 811 989 3159 1087; baseline -0 -21"><span class='ocrx_word' id='word_1_33' title='bbox 811 997 1012 1086; x_wconf 74' lang='lat' dir='ltr'>pinli,</span> <span class='ocrx_word' id='word_1_34' title='bbox 1049 994 1253 1087; x_wconf 87' lang='lat' dir='ltr'>idest,</span> <span class='ocrx_word' id='word_1_35' title='bbox 1289 991 1557 1085; x_wconf 83' lang='lat' dir='ltr'>impelli</span> <span class='ocrx_word' id='word_1_36' title='bbox 1608 1012 1654 1065; x_wconf 92' lang='lat' dir='ltr'>a</span> <span class='ocrx_word' id='word_1_37' title='bbox 1703 990 1896 1063; x_wconf 89' lang='lat' dir='ltr'>bona</span> <span class='ocrx_word' id='word_1_38' title='bbox 1949 990 2347 1063; x_wconf 87' lang='lat' dir='ltr'>voluntate.</span> <span class='ocrx_word' id='word_1_39' title='bbox 2377 991 2724 1061; x_wconf 84' lang='lat' dir='ltr'>—Allor.</span> <span class='ocrx_word' id='word_1_40' title='bbox 2771 989 2902 1063; x_wconf 89' lang='lat' dir='ltr'>Hic</span> <span class='ocrx_word' id='word_1_41' title='bbox 2945 996 3159 1084; x_wconf 88' lang='lat' dir='ltr'>poeta</span> 
     </span>
     <span class='ocr_line' id='line_1_6' title="bbox 819 1108 3163 1205; baseline -0.001 -20"><span class='ocrx_word' id='word_1_42' title='bbox 819 1113 1128 1186; x_wconf 82' lang='lat' dir='ltr'>ostendit</span> <span class='ocrx_word' id='word_1_43' title='bbox 1179 1111 1492 1205; x_wconf 82' lang='lat' dir='ltr'>qualiter</span> <span class='ocrx_word' id='word_1_44' title='bbox 1544 1109 2050 1183; x_wconf 85' lang='lat' dir='ltr'>certioraverit</span> <span class='ocrx_word' id='word_1_45' title='bbox 2108 1128 2188 1182; x_wconf 93' lang='lat' dir='ltr'>se</span> <span class='ocrx_word' id='word_1_46' title='bbox 2250 1129 2380 1203; x_wconf 90' lang='lat' dir='ltr'>per</span> <span class='ocrx_word' id='word_1_47' title='bbox 2446 1114 2721 1182; x_wconf 87' lang='lat' dir='ltr'>tactum</span> <span class='ocrx_word' id='word_1_48' title='bbox 2785 1108 2878 1183; x_wconf 90' lang='lat' dir='ltr'>de</span> <span class='ocrx_word' id='word_1_49' title='bbox 2930 1129 3020 1183; x_wconf 93' lang='lat' dir='ltr'>eo</span> <span class='ocrx_word' id='word_1_50' title='bbox 3070 1109 3163 1184; x_wconf 90' lang='lat' dir='ltr'>de</span> 
     </span>
     <span class='ocr_line' id='line_1_7' title="bbox 822 1228 3160 1325; baseline -0.001 -21"><span class='ocrx_word' id='word_1_51' title='bbox 822 1252 970 1324; x_wconf 89' lang='lat' dir='ltr'>quo</span> <span class='ocrx_word' id='word_1_52' title='bbox 1024 1252 1170 1304; x_wconf 94' lang='lat' dir='ltr'>non</span> <span class='ocrx_word' id='word_1_53' title='bbox 1221 1234 1505 1325; x_wconf 88' lang='lat' dir='ltr'>poterat</span> <span class='ocrx_word' id='word_1_54' title='bbox 1555 1249 1688 1323; x_wconf 89' lang='lat' dir='ltr'>per</span> <span class='ocrx_word' id='word_1_55' title='bbox 1722 1229 1999 1304; x_wconf 85' lang='lat' dir='ltr'>visum:</span> <span class='ocrx_word' id='word_1_56' title='bbox 2036 1228 2208 1322; x_wconf 87' lang='lat' dir='ltr'>quia</span> <span class='ocrx_word' id='word_1_57' title='bbox 2243 1229 2438 1302; x_wconf 93' lang='lat' dir='ltr'>enim</span> <span class='ocrx_word' id='word_1_58' title='bbox 2476 1249 2625 1302; x_wconf 92' lang='lat' dir='ltr'>non</span> <span class='ocrx_word' id='word_1_59' title='bbox 2660 1236 2948 1324; x_wconf 88' lang='lat' dir='ltr'>poterat</span> <span class='ocrx_word' id='word_1_60' title='bbox 2984 1250 3160 1304; x_wconf 91' lang='lat' dir='ltr'>cum</span> 
     </span>
     <span class='ocr_line' id='line_1_8' title="bbox 822 1348 3162 1441; baseline -0 -17"><span class='ocrx_word' id='word_1_61' title='bbox 822 1350 1051 1424; x_wconf 91' lang='lat' dir='ltr'>oculis</span> <span class='ocrx_word' id='word_1_62' title='bbox 1103 1349 1352 1423; x_wconf 85' lang='lat' dir='ltr'>videre</span> <span class='ocrx_word' id='word_1_63' title='bbox 1401 1348 1534 1422; x_wconf 90' lang='lat' dir='ltr'>sibi</span> <span class='ocrx_word' id='word_1_64' title='bbox 1585 1349 1925 1441; x_wconf 83' lang='lat' dir='ltr'>frontem,</span> <span class='ocrx_word' id='word_1_65' title='bbox 1963 1348 2125 1422; x_wconf 91' lang='lat' dir='ltr'>ideo</span> <span class='ocrx_word' id='word_1_66' title='bbox 2159 1368 2331 1421; x_wconf 92' lang='lat' dir='ltr'>cum</span> <span class='ocrx_word' id='word_1_67' title='bbox 2371 1369 2598 1423; x_wconf 92' lang='lat' dir='ltr'>manu</span> <span class='ocrx_word' id='word_1_68' title='bbox 2634 1349 2940 1422; x_wconf 83' lang='lat' dir='ltr'>tentavit</span> <span class='ocrx_word' id='word_1_69' title='bbox 2973 1350 3162 1423; x_wconf 90' lang='lat' dir='ltr'>scire</span> 
     </span>
     <span class='ocr_line' id='line_1_9' title="bbox 824 1469 3162 1565; baseline -0.001 -20"><span class='ocrx_word' id='word_1_70' title='bbox 824 1472 981 1545; x_wconf 87' lang='lat' dir='ltr'>hoc.</span> <span class='ocrx_word' id='word_1_71' title='bbox 1036 1470 1217 1545; x_wconf 84' lang='lat' dir='ltr'>Dicit</span> <span class='ocrx_word' id='word_1_72' title='bbox 1268 1490 1487 1565; x_wconf 85' lang='lat' dir='ltr'>ergo:</span> <span class='ocrx_word' id='word_1_73' title='bbox 1542 1471 1744 1542; x_wconf 82' lang='lat' dir='ltr'>Allor</span> <span class='ocrx_word' id='word_1_74' title='bbox 1788 1472 1918 1562; x_wconf 84' lang='lat' dir='ltr'>sec’</span> <span class='ocrx_word' id='word_1_75' title='bbox 1943 1472 2040 1560; x_wconf 77' lang='lat'>130,</span> <span class='ocrx_word' id='word_1_76' title='bbox 2121 1490 2167 1544; x_wconf 91' lang='lat' dir='ltr'>a</span> <span class='ocrx_word' id='word_1_77' title='bbox 2230 1469 2466 1561; x_wconf 89' lang='lat' dir='ltr'>simili,</span> <span class='ocrx_word' id='word_1_78' title='bbox 2535 1491 2726 1542; x_wconf 84' lang='lat' dir='ltr'>come</span> <span class='ocrx_word' id='word_1_79' title='bbox 2784 1473 2981 1543; x_wconf 84' lang='lat' dir='ltr'>color</span> <span class='ocrx_word' id='word_1_80' title='bbox 3043 1473 3162 1542; x_wconf 75' lang='lat' dir='ltr'>che</span> 
     </span>
     <span class='ocr_line' id='line_1_10' title="bbox 827 1589 3164 1683; baseline -0.001 -19"><span class='ocrx_word' id='word_1_81' title='bbox 827 1613 1060 1664; x_wconf 78' lang='lat' dir='ltr'>vanno</span> <span class='ocrx_word' id='word_1_82' title='bbox 1110 1612 1243 1663; x_wconf 82' lang='lat' dir='ltr'>con</span> <span class='ocrx_word' id='word_1_83' title='bbox 1291 1611 1458 1663; x_wconf 78' lang='lat' dir='ltr'>cosa</span> <span class='ocrx_word' id='word_1_84' title='bbox 1506 1593 1581 1662; x_wconf 82' lang='lat' dir='ltr'>in</span> <span class='ocrx_word' id='word_1_85' title='bbox 1630 1610 1809 1680; x_wconf 85' lang='lat' dir='ltr'>capo</span> <span class='ocrx_word' id='word_1_86' title='bbox 1859 1610 2005 1661; x_wconf 81' lang='lat' dir='ltr'>non</span> <span class='ocrx_word' id='word_1_87' title='bbox 2044 1591 2143 1662; x_wconf 84' lang='lat' dir='ltr'>da</span> <span class='ocrx_word' id='word_1_88' title='bbox 2185 1593 2297 1662; x_wconf 89' lang='lat' dir='ltr'>lor</span> <span class='ocrx_word' id='word_1_89' title='bbox 2337 1597 2617 1681; x_wconf 82' lang='lat' dir='ltr'>saputa,</span> <span class='ocrx_word' id='word_1_90' title='bbox 2670 1589 2845 1683; x_wconf 87' lang='lat' dir='ltr'>quia</span> <span class='ocrx_word' id='word_1_91' title='bbox 2884 1589 2981 1664; x_wconf 86' lang='lat' dir='ltr'>ab</span> <span class='ocrx_word' id='word_1_92' title='bbox 3019 1590 3164 1664; x_wconf 91' lang='lat' dir='ltr'>alio</span> 
     </span>
     <span class='ocr_line' id='line_1_11' title="bbox 823 1710 3162 1806; baseline -0 -21"><span class='ocrx_word' id='word_1_93' title='bbox 823 1711 1168 1806; x_wconf 86' lang='lat' dir='ltr'>apposita,</span> <span class='ocrx_word' id='word_1_94' title='bbox 1222 1732 1296 1783; x_wconf 81' lang='lat' dir='ltr'>se</span> <span class='ocrx_word' id='word_1_95' title='bbox 1353 1730 1494 1782; x_wconf 83' lang='lat' dir='ltr'>non</span> <span class='ocrx_word' id='word_1_96' title='bbox 1546 1711 1665 1781; x_wconf 75' lang='lat' dir='ltr'>che</span> <span class='ocrx_word' id='word_1_97' title='bbox 1712 1712 1741 1781; x_wconf 83' lang='lat' dir='ltr'>i</span> <span class='ocrx_word' id='word_1_98' title='bbox 1787 1712 1987 1781; x_wconf 81' lang='lat' dir='ltr'>cenni</span> <span class='ocrx_word' id='word_1_99' title='bbox 2049 1712 2264 1782; x_wconf 79' lang='lat' dir='ltr'>altrui</span> <span class='ocrx_word' id='word_1_100' title='bbox 2309 1713 2631 1804; x_wconf 77' lang='lat' dir='ltr'>suspicar</span> <span class='ocrx_word' id='word_1_101' title='bbox 2675 1714 2931 1803; x_wconf 76' lang='lat' dir='ltr'>samm,</span> <span class='ocrx_word' id='word_1_102' title='bbox 2989 1710 3162 1803; x_wconf 88' lang='lat' dir='ltr'>quia</span> 
     </span>
     <span class='ocr_line' id='line_1_12' title="bbox 822 1828 3165 1925; baseline -0.001 -19"><span class='ocrx_word' id='word_1_103' title='bbox 822 1831 1017 1906; x_wconf 86' lang='lat' dir='ltr'>videt</span> <span class='ocrx_word' id='word_1_104' title='bbox 1066 1830 1247 1904; x_wconf 92' lang='lat' dir='ltr'>alios</span> <span class='ocrx_word' id='word_1_105' title='bbox 1298 1849 1430 1924; x_wconf 89' lang='lat' dir='ltr'>per</span> <span class='ocrx_word' id='word_1_106' title='bbox 1482 1834 1706 1901; x_wconf 88' lang='lat' dir='ltr'>nutus</span> <span class='ocrx_word' id='word_1_107' title='bbox 1755 1835 1830 1903; x_wconf 93' lang='lat' dir='ltr'>et</span> <span class='ocrx_word' id='word_1_108' title='bbox 1880 1828 2087 1925; x_wconf 83' lang='lat' dir='ltr'>signa</span> <span class='ocrx_word' id='word_1_109' title='bbox 2124 1828 2368 1903; x_wconf 89' lang='lat' dir='ltr'>dicere</span> <span class='ocrx_word' id='word_1_110' title='bbox 2403 1849 2564 1903; x_wconf 90' lang='lat' dir='ltr'>rem</span> <span class='ocrx_word' id='word_1_111' title='bbox 2609 1828 2799 1903; x_wconf 90' lang='lat' dir='ltr'>inter</span> <span class='ocrx_word' id='word_1_112' title='bbox 2846 1850 2926 1903; x_wconf 93' lang='lat' dir='ltr'>se</span> <span class='ocrx_word' id='word_1_113' title='bbox 2946 1854 2966 1923; x_wconf 86' lang='lat'>3</span> <span class='ocrx_word' id='word_1_114' title='bbox 2996 1851 3165 1921; x_wconf 83' lang='lat' dir='ltr'>per-</span> 
     </span>
     <span class='ocr_line' id='line_1_13' title="bbox 824 1947 3161 2041; baseline -0 -18"><span class='ocrx_word' id='word_1_115' title='bbox 824 1948 948 2023; x_wconf 67' lang='lat' dir='ltr'>che*</span> <span class='ocrx_word' id='word_1_116' title='bbox 999 1954 1072 2023; x_wconf 84' lang='lat' dir='ltr'>la</span> <span class='ocrx_word' id='word_1_117' title='bbox 1147 1970 1360 2021; x_wconf 82' lang='lat' dir='ltr'>mano</span> <span class='ocrx_word' id='word_1_118' title='bbox 1423 1951 1524 2021; x_wconf 86' lang='lat' dir='ltr'>ad</span> <span class='ocrx_word' id='word_1_119' title='bbox 1585 1955 1907 2021; x_wconf 82' lang='lat' dir='ltr'>accertar</span> <span class='ocrx_word' id='word_1_120' title='bbox 1966 1951 2023 2020; x_wconf 76' lang='grc' dir='ltr'>ε’</span> <span class='ocrx_word' id='word_1_121' title='bbox 2049 1951 2269 2040; x_wconf 77' lang='lat' dir='ltr'>aima,</span> <span class='ocrx_word' id='word_1_122' title='bbox 2351 1947 2523 2041; x_wconf 87' lang='lat' dir='ltr'>quia</span> <span class='ocrx_word' id='word_1_123' title='bbox 2592 1948 3008 2022; x_wconf 84' lang='lat' dir='ltr'>extenditur</span> <span class='ocrx_word' id='word_1_124' title='bbox 3067 1949 3161 2023; x_wconf 90' lang='lat' dir='ltr'>ad</span> 
     </span>
     <span class='ocr_line' id='line_1_14' title="bbox 824 2066 3163 2163; baseline -0 -21"><span class='ocrx_word' id='word_1_125' title='bbox 824 2077 1068 2163; x_wconf 83' lang='lat' dir='ltr'>caput,</span> <span class='ocrx_word' id='word_1_126' title='bbox 1145 2091 1183 2141; x_wconf 83' lang='lat' dir='ltr'>e</span> <span class='ocrx_word' id='word_1_127' title='bbox 1231 2088 1435 2141; x_wconf 78' lang='lat' dir='ltr'>cerea</span> <span class='ocrx_word' id='word_1_128' title='bbox 1485 2089 1523 2139; x_wconf 83' lang='lat' dir='ltr'>e</span> <span class='ocrx_word' id='word_1_129' title='bbox 1571 2075 1803 2160; x_wconf 76' lang='lat' dir='ltr'>treva,</span> <span class='ocrx_word' id='word_1_130' title='bbox 1864 2087 2023 2141; x_wconf 90' lang='lat' dir='ltr'>rem</span> <span class='ocrx_word' id='word_1_131' title='bbox 2092 2066 2523 2161; x_wconf 86' lang='lat' dir='ltr'>dubitatam‚</span> <span class='ocrx_word' id='word_1_132' title='bbox 2583 2090 2621 2140; x_wconf 83' lang='lat' dir='ltr'>e</span> <span class='ocrx_word' id='word_1_133' title='bbox 2670 2072 2893 2159; x_wconf 81' lang='lat' dir='ltr'>quello</span> <span class='ocrx_word' id='word_1_134' title='bbox 2944 2071 3163 2159; x_wconf 79' lang='lat' dir='ltr'>officio</span> 
     </span>
     <span class='ocr_line' id='line_1_15' title="bbox 825 2178 3165 2279; baseline 0.001 -19"><span class='ocrx_word' id='word_1_135' title='bbox 825 2190 1138 2279; x_wconf 82' lang='lat' dir='ltr'>adempie</span> <span class='ocrx_word' id='word_1_136' title='bbox 1185 2189 1302 2260; x_wconf 77' lang='lat' dir='ltr'>che</span> <span class='ocrx_word' id='word_1_137' title='bbox 1351 2206 1495 2258; x_wconf 81' lang='lat' dir='ltr'>non</span> <span class='ocrx_word' id='word_1_138' title='bbox 1543 2189 1606 2257; x_wconf 82' lang='lat' dir='ltr'>si</span> <span class='ocrx_word' id='word_1_139' title='bbox 1647 2178 1791 2277; x_wconf 76' lang='lat' dir='ltr'>pud</span> <span class='ocrx_word' id='word_1_140' title='bbox 1835 2189 2078 2278; x_wconf 79' lang='lat' dir='ltr'>sornir</span> <span class='ocrx_word' id='word_1_141' title='bbox 2101 2208 2238 2278; x_wconf 85' lang='lat' dir='ltr'>per</span> <span class='ocrx_word' id='word_1_142' title='bbox 2273 2191 2344 2260; x_wconf 87' lang='lat' dir='ltr'>la</span> <span class='ocrx_word' id='word_1_143' title='bbox 2386 2190 2655 2260; x_wconf 81' lang='lat' dir='ltr'>veduta.</span> <span class='ocrx_word' id='word_1_144' title='bbox 2700 2189 2790 2260; x_wconf 90' lang='lat' dir='ltr'>Et</span> <span class='ocrx_word' id='word_1_145' title='bbox 2840 2188 2958 2261; x_wconf 92' lang='lat' dir='ltr'>hic</span> <span class='ocrx_word' id='word_1_146' title='bbox 2993 2193 3165 2262; x_wconf 86' lang='lat' dir='ltr'>nota</span> 
     </span>
     <span class='ocr_line' id='line_1_16' title="bbox 824 2305 3165 2403; baseline 0.001 -23"><span class='ocrx_word' id='word_1_147' title='bbox 824 2307 1020 2402; x_wconf 88' lang='lat' dir='ltr'>quod</span> <span class='ocrx_word' id='word_1_148' title='bbox 1070 2307 1313 2400; x_wconf 90' lang='lat' dir='ltr'>aliqua</span> <span class='ocrx_word' id='word_1_149' title='bbox 1367 2305 1649 2380; x_wconf 90' lang='lat' dir='ltr'>obiecta</span> <span class='ocrx_word' id='word_1_150' title='bbox 1699 2315 1873 2382; x_wconf 89' lang='lat' dir='ltr'>sunt</span> <span class='ocrx_word' id='word_1_151' title='bbox 1911 2306 2205 2401; x_wconf 90' lang='lat' dir='ltr'>propria</span> <span class='ocrx_word' id='word_1_152' title='bbox 2244 2307 2738 2400; x_wconf 90' lang='lat' dir='ltr'>quorumdam</span> <span class='ocrx_word' id='word_1_153' title='bbox 2783 2329 3165 2403; x_wconf 86' lang='lat' dir='ltr'>sensuum,</span> 
     </span>
     <span class='ocr_line' id='line_1_17' title="bbox 824 2425 3164 2522; baseline 0 -21"><span class='ocrx_word' id='word_1_154' title='bbox 824 2426 1011 2503; x_wconf 90' lang='lat' dir='ltr'>sicut</span> <span class='ocrx_word' id='word_1_155' title='bbox 1062 2427 1258 2501; x_wconf 86' lang='lat' dir='ltr'>visus</span> <span class='ocrx_word' id='word_1_156' title='bbox 1298 2425 1577 2520; x_wconf 86' lang='lat' dir='ltr'>judicat</span> <span class='ocrx_word' id='word_1_157' title='bbox 1626 2425 1719 2499; x_wconf 90' lang='lat' dir='ltr'>de</span> <span class='ocrx_word' id='word_1_158' title='bbox 1767 2425 2039 2520; x_wconf 87' lang='lat' dir='ltr'>colore,</span> <span class='ocrx_word' id='word_1_159' title='bbox 2092 2434 2352 2522; x_wconf 86' lang='lat' dir='ltr'>gustus</span> <span class='ocrx_word' id='word_1_160' title='bbox 2409 2427 2503 2501; x_wconf 90' lang='lat' dir='ltr'>de</span> <span class='ocrx_word' id='word_1_161' title='bbox 2564 2449 2845 2522; x_wconf 88' lang='lat' dir='ltr'>sapore,</span> <span class='ocrx_word' id='word_1_162' title='bbox 2898 2429 3164 2504; x_wconf 83' lang='lat' dir='ltr'>olfatus</span> 
     </span>
     <span class='ocr_line' id='line_1_18' title="bbox 823 2546 3165 2645; baseline 0.001 -24"><span class='ocrx_word' id='word_1_163' title='bbox 823 2547 915 2621; x_wconf 89' lang='lat' dir='ltr'>de</span> <span class='ocrx_word' id='word_1_164' title='bbox 963 2547 1210 2621; x_wconf 93' lang='lat' dir='ltr'>odore.</span> <span class='ocrx_word' id='word_1_165' title='bbox 1265 2546 1526 2639; x_wconf 89' lang='lat' dir='ltr'>Aliqua</span> <span class='ocrx_word' id='word_1_166' title='bbox 1579 2566 1757 2620; x_wconf 83' lang='lat' dir='ltr'>vero</span> <span class='ocrx_word' id='word_1_167' title='bbox 1807 2553 1980 2619; x_wconf 88' lang='lat' dir='ltr'>sunt</span> <span class='ocrx_word' id='word_1_168' title='bbox 2032 2566 2201 2640; x_wconf 87' lang='lat' dir='ltr'>quae</span> <span class='ocrx_word' id='word_1_169' title='bbox 2247 2546 2767 2622; x_wconf 90' lang='lat' dir='ltr'>discernuntur</span> <span class='ocrx_word' id='word_1_170' title='bbox 2815 2570 2947 2644; x_wconf 91' lang='lat' dir='ltr'>per</span> <span class='ocrx_word' id='word_1_171' title='bbox 2998 2551 3165 2645; x_wconf 90' lang='lat' dir='ltr'>plu-</span> 
     </span>
     <span class='ocr_line' id='line_1_19' title="bbox 826 2664 3166 2762; baseline 0.003 -23"><span class='ocrx_word' id='word_1_172' title='bbox 826 2687 943 2741; x_wconf 91' lang='lat' dir='ltr'>res</span> <span class='ocrx_word' id='word_1_173' title='bbox 993 2687 1270 2760; x_wconf 82' lang='lat' dir='ltr'>sensuS,</span> <span class='ocrx_word' id='word_1_174' title='bbox 1308 2665 1494 2740; x_wconf 91' lang='lat' dir='ltr'>sicut</span> <span class='ocrx_word' id='word_1_175' title='bbox 1545 2686 1927 2760; x_wconf 82' lang='lat' dir='ltr'>numeruS,</span> <span class='ocrx_word' id='word_1_176' title='bbox 1970 2664 2234 2761; x_wconf 84' lang='lat' dir='ltr'>figura,</span> <span class='ocrx_word' id='word_1_177' title='bbox 2270 2668 2637 2759; x_wconf 87' lang='lat' dir='ltr'>quantitas</span> <span class='ocrx_word' id='word_1_178' title='bbox 2651 2692 2671 2762; x_wconf 86' lang='lat'>3</span> <span class='ocrx_word' id='word_1_179' title='bbox 2709 2669 2907 2744; x_wconf 91' lang='lat' dir='ltr'>unde</span> <span class='ocrx_word' id='word_1_180' title='bbox 2947 2671 3166 2745; x_wconf 88' lang='lat' dir='ltr'>homo</span> 
     </span>
     <span class='ocr_line' id='line_1_20' title="bbox 822 2785 3166 2882; baseline 0.002 -22"><span class='ocrx_word' id='word_1_181' title='bbox 822 2794 1056 2881; x_wconf 86' lang='lat' dir='ltr'>potest</span> <span class='ocrx_word' id='word_1_182' title='bbox 1105 2807 1278 2862; x_wconf 92' lang='lat' dir='ltr'>cum</span> <span class='ocrx_word' id='word_1_183' title='bbox 1329 2785 1565 2881; x_wconf 85' lang='lat' dir='ltr'>digitis</span> <span class='ocrx_word' id='word_1_184' title='bbox 1616 2806 2065 2882; x_wconf 85' lang='lat' dir='ltr'>cognoscere</span> <span class='ocrx_word' id='word_1_185' title='bbox 2099 2787 2356 2862; x_wconf 90' lang='lat' dir='ltr'>decem</span> <span class='ocrx_word' id='word_1_186' title='bbox 2394 2787 2681 2882; x_wconf 79' lang='lat' dir='ltr'>solidoS,</span> <span class='ocrx_word' id='word_1_187' title='bbox 2726 2810 2912 2882; x_wconf 91' lang='lat' dir='ltr'>quos</span> <span class='ocrx_word' id='word_1_188' title='bbox 2948 2790 3166 2864; x_wconf 88' lang='lat' dir='ltr'>habet</span> 
     </span>
     <span class='ocr_line' id='line_1_21' title="bbox 823 2906 3159 3005; baseline 0.001 -25"><span class='ocrx_word' id='word_1_189' title='bbox 823 2907 896 2980; x_wconf 92' lang='lat' dir='ltr'>in</span> <span class='ocrx_word' id='word_1_190' title='bbox 948 2929 1176 2981; x_wconf 90' lang='lat' dir='ltr'>manu</span> <span class='ocrx_word' id='word_1_191' title='bbox 1227 2906 1447 2981; x_wconf 86' lang='lat' dir='ltr'>etiam</span> <span class='ocrx_word' id='word_1_192' title='bbox 1501 2906 1562 2980; x_wconf 91' lang='lat' dir='ltr'>si</span> <span class='ocrx_word' id='word_1_193' title='bbox 1621 2927 1767 2980; x_wconf 95' lang='lat' dir='ltr'>non</span> <span class='ocrx_word' id='word_1_194' title='bbox 1831 2906 2109 3000; x_wconf 85' lang='lat' dir='ltr'>videat3</span> <span class='ocrx_word' id='word_1_195' title='bbox 2163 2912 2238 2980; x_wconf 92' lang='lat' dir='ltr'>et</span> <span class='ocrx_word' id='word_1_196' title='bbox 2300 2907 2400 2981; x_wconf 90' lang='lat' dir='ltr'>ita</span> <span class='ocrx_word' id='word_1_197' title='bbox 2451 2908 2587 2984; x_wconf 83' lang='lat' dir='ltr'>fuit</span> <span class='ocrx_word' id='word_1_198' title='bbox 2635 2908 2708 2981; x_wconf 91' lang='lat' dir='ltr'>in</span> <span class='ocrx_word' id='word_1_199' title='bbox 2765 2911 3159 3005; x_wconf 89' lang='lat' dir='ltr'>proposito.</span> 
     </span>
     <span class='ocr_line' id='line_1_22' title="bbox 819 3026 3164 3120; baseline 0.002 -20"><span class='ocrx_word' id='word_1_200' title='bbox 819 3026 1024 3100; x_wconf 91' lang='lat' dir='ltr'>Unde</span> <span class='ocrx_word' id='word_1_201' title='bbox 1080 3026 1294 3099; x_wconf 88' lang='lat' dir='ltr'>dicit:</span> <span class='ocrx_word' id='word_1_202' title='bbox 1362 3046 1401 3097; x_wconf 80' lang='lat' dir='ltr'>e</span> <span class='ocrx_word' id='word_1_203' title='bbox 1467 3047 1601 3098; x_wconf 83' lang='lat' dir='ltr'>con</span> <span class='ocrx_word' id='word_1_204' title='bbox 1675 3029 1737 3098; x_wconf 85' lang='lat' dir='ltr'>le</span> <span class='ocrx_word' id='word_1_205' title='bbox 1794 3028 1945 3098; x_wconf 78' lang='lat' dir='ltr'>dita</span> <span class='ocrx_word' id='word_1_206' title='bbox 2011 3029 2197 3098; x_wconf 84' lang='lat' dir='ltr'>della</span> <span class='ocrx_word' id='word_1_207' title='bbox 2257 3029 2495 3100; x_wconf 82' lang='lat' dir='ltr'>destra</span> <span class='ocrx_word' id='word_1_208' title='bbox 2561 3033 2853 3120; x_wconf 74' lang='lat' dir='ltr'>scempie</span> <span class='ocrx_word' id='word_1_209' title='bbox 2932 3035 3164 3104; x_wconf 79' lang='lat' dir='ltr'>trovai</span> 
     </span>
     <span class='ocr_line' id='line_1_23' title="bbox 816 3144 3163 3241; baseline 0.002 -23"><span class='ocrx_word' id='word_1_210' title='bbox 816 3168 960 3239; x_wconf 77' lang='lat' dir='ltr'>pur</span> <span class='ocrx_word' id='word_1_211' title='bbox 1007 3149 1106 3218; x_wconf 80' lang='lat' dir='ltr'>sei</span> <span class='ocrx_word' id='word_1_212' title='bbox 1154 3149 1215 3217; x_wconf 84' lang='lat' dir='ltr'>le</span> <span class='ocrx_word' id='word_1_213' title='bbox 1264 3148 1522 3236; x_wconf 80' lang='lat' dir='ltr'>lettere,</span> <span class='ocrx_word' id='word_1_214' title='bbox 1574 3144 1844 3219; x_wconf 90' lang='lat' dir='ltr'>scilicet</span> <span class='ocrx_word' id='word_1_215' title='bbox 1897 3146 1973 3238; x_wconf 88' lang='lat' dir='ltr'>P,</span> <span class='ocrx_word' id='word_1_216' title='bbox 2026 3148 2145 3218; x_wconf 78' lang='lat' dir='ltr'>che</span> <span class='ocrx_word' id='word_1_217' title='bbox 2200 3150 2411 3220; x_wconf 81' lang='lat' dir='ltr'>incise</span> <span class='ocrx_word' id='word_1_218' title='bbox 2461 3151 2619 3240; x_wconf 81' lang='lat' dir='ltr'>quel</span> <span class='ocrx_word' id='word_1_219' title='bbox 2669 3151 2857 3222; x_wconf 82' lang='lat' dir='ltr'>dalle</span> <span class='ocrx_word' id='word_1_220' title='bbox 2912 3153 3163 3241; x_wconf 75' lang='lat' dir='ltr'>cleiavi,</span> 
     </span>
     <span class='ocr_line' id='line_1_24' title="bbox 822 3264 3158 3366; baseline 0.002 -27"><span class='ocrx_word' id='word_1_221' title='bbox 822 3265 1093 3339; x_wconf 89' lang='lat' dir='ltr'>scilicet</span> <span class='ocrx_word' id='word_1_222' title='bbox 1151 3266 1459 3359; x_wconf 84' lang='lat' dir='ltr'>angelus</span> <span class='ocrx_word' id='word_1_223' title='bbox 1531 3264 1900 3359; x_wconf 84' lang='lat' dir='ltr'>portarius</span> <span class='ocrx_word' id='word_1_224' title='bbox 1975 3265 2103 3357; x_wconf 92' lang='lat' dir='ltr'>qui</span> <span class='ocrx_word' id='word_1_225' title='bbox 2172 3273 2370 3341; x_wconf 92' lang='lat' dir='ltr'>tenet</span> <span class='ocrx_word' id='word_1_226' title='bbox 2435 3269 2678 3344; x_wconf 87' lang='lat' dir='ltr'>claves</span> <span class='ocrx_word' id='word_1_227' title='bbox 2728 3271 3158 3366; x_wconf 82' lang='lat' dir='ltr'>purgatorii,</span> 
     </span>
     <span class='ocr_line' id='line_1_25' title="bbox 821 3387 3166 3477; baseline 0.005 -21"><span class='ocrx_word' id='word_1_228' title='bbox 821 3405 869 3456; x_wconf 88' lang='grc' dir='ltr'><em>α</em></span> <span class='ocrx_word' id='word_1_229' title='bbox 920 3405 1028 3456; x_wconf 85' lang='lat' dir='ltr'>me</span> <span class='ocrx_word' id='word_1_230' title='bbox 1082 3404 1304 3475; x_wconf 82' lang='lat' dir='ltr'>sopra</span> <span class='ocrx_word' id='word_1_231' title='bbox 1360 3388 1422 3457; x_wconf 84' lang='lat' dir='ltr'>le</span> <span class='ocrx_word' id='word_1_232' title='bbox 1480 3387 1745 3477; x_wconf 81' lang='lat' dir='ltr'>cempie,</span> <span class='ocrx_word' id='word_1_233' title='bbox 1806 3404 1980 3458; x_wconf 93' lang='lat' dir='ltr'>cum</span> <span class='ocrx_word' id='word_1_234' title='bbox 2049 3406 2187 3460; x_wconf 93' lang='lat' dir='ltr'>suo</span> <span class='ocrx_word' id='word_1_235' title='bbox 2255 3406 2432 3462; x_wconf 91' lang='lat' dir='ltr'>ense</span> <span class='ocrx_word' id='word_1_236' title='bbox 2493 3389 3011 3467; x_wconf 91' lang='lat' dir='ltr'>lucentissimo.</span> <span class='ocrx_word' id='word_1_237' title='bbox 3076 3394 3166 3467; x_wconf 90' lang='lat' dir='ltr'>Et</span> 
     </span>
     <span class='ocr_line' id='line_1_26' title="bbox 822 3503 3167 3602; baseline 0.004 -25"><span class='ocrx_word' id='word_1_238' title='bbox 822 3503 1186 3577; x_wconf 91' lang='lat' dir='ltr'>concludit</span> <span class='ocrx_word' id='word_1_239' title='bbox 1240 3504 1622 3578; x_wconf 89' lang='lat' dir='ltr'>materiam</span> <span class='ocrx_word' id='word_1_240' title='bbox 1677 3511 1751 3578; x_wconf 93' lang='lat' dir='ltr'>et</span> <span class='ocrx_word' id='word_1_241' title='bbox 1802 3505 2073 3579; x_wconf 90' lang='lat' dir='ltr'>claudit</span> <span class='ocrx_word' id='word_1_242' title='bbox 2122 3507 2547 3602; x_wconf 87' lang='lat' dir='ltr'>capitulum,</span> <span class='ocrx_word' id='word_1_243' title='bbox 2601 3509 2893 3584; x_wconf 88' lang='lat' dir='ltr'>dicens:</span> <span class='ocrx_word' id='word_1_244' title='bbox 2949 3534 2997 3585; x_wconf 87' lang='grc' dir='ltr'><em>α</em></span> <span class='ocrx_word' id='word_1_245' title='bbox 3046 3516 3167 3587; x_wconf 74' lang='lat' dir='ltr'>ohe</span> 
     </span>
     <span class='ocr_line' id='line_1_27' title="bbox 819 3626 3162 3726; baseline 0.005 -32"><span class='ocrx_word' id='word_1_246' title='bbox 819 3626 1248 3716; x_wconf 66' lang='lat' dir='ltr'>quardando</span> <span class='ocrx_word' id='word_1_247' title='bbox 1295 3627 1351 3696; x_wconf 85' lang='lat' dir='ltr'>il</span> <span class='ocrx_word' id='word_1_248' title='bbox 1398 3626 1538 3697; x_wconf 84' lang='lat' dir='ltr'>mio</span> <span class='ocrx_word' id='word_1_249' title='bbox 1586 3626 1768 3696; x_wconf 81' lang='lat' dir='ltr'>duca</span> <span class='ocrx_word' id='word_1_250' title='bbox 1816 3627 2110 3717; x_wconf 69' lang='lat' dir='ltr'>sorme,</span> <span class='ocrx_word' id='word_1_251' title='bbox 2173 3627 2613 3722; x_wconf 84' lang='lat' dir='ltr'>gratulando</span> <span class='ocrx_word' id='word_1_252' title='bbox 2665 3629 2837 3722; x_wconf 90' lang='lat' dir='ltr'>quia</span> <span class='ocrx_word' id='word_1_253' title='bbox 2889 3631 3162 3726; x_wconf 90' lang='lat' dir='ltr'>placuit</span> 
     </span>
     <span class='ocr_line' id='line_1_28' title="bbox 821 3743 1301 3819; baseline -0.006 0"><span class='ocrx_word' id='word_1_254' title='bbox 821 3743 955 3819; x_wconf 92' lang='lat' dir='ltr'>sibi</span> <span class='ocrx_word' id='word_1_255' title='bbox 1006 3743 1301 3818; x_wconf 83' lang='lat' dir='ltr'>factum.</span> 
     </span>
    </p>
   </div>
   <div class='ocr_carea' id='block_1_3' title="bbox 941 3995 1770 4056">
    <p class='ocr_par' dir='ltr' id='par_1_3' title="bbox 941 3995 1770 4056">
     <span class='ocr_line' id='line_1_29' title="bbox 941 3995 1770 4056; baseline 0 -10"><span class='ocrx_word' id='word_1_256' title='bbox 941 3997 996 4056; x_wconf 83' lang='lat'>(¹)</span> <span class='ocrx_word' id='word_1_257' title='bbox 1030 3995 1090 4045; x_wconf 85' lang='lat' dir='ltr'>E.</span> <span class='ocrx_word' id='word_1_258' title='bbox 1119 4009 1150 4045; x_wconf 84' lang='lat' dir='ltr'>e</span> <span class='ocrx_word' id='word_1_259' title='bbox 1186 4000 1293 4056; x_wconf 88' lang='lat'><strong>11⁷,</strong></span> <span class='ocrx_word' id='word_1_260' title='bbox 1328 3997 1493 4046; x_wconf 77' lang='lat' dir='ltr'>virtus</span> <span class='ocrx_word' id='word_1_261' title='bbox 1527 4000 1630 4056; x_wconf 76' lang='lat' dir='ltr'>lua,</span> <span class='ocrx_word' id='word_1_262' title='bbox 1667 3997 1770 4046; x_wconf 72' lang='lat' dir='ltr'>che.</span> 
     </span>
    </p>
   </div>
   <div class='ocr_carea' id='block_1_4' title="bbox 1731 4297 2261 4306">
    <p class='ocr_par' dir='ltr' id='par_1_4' title="bbox 1731 4297 2261 4306">
     <span class='ocr_line' id='line_1_30' title="bbox 1731 4297 2261 4306; baseline -0.002 -1"><span class='ocrx_word' id='word_1_263' title='bbox 1731 4297 2261 4306; x_wconf 81' lang='lat'>—————</span> 
     </span>
    </p>
   </div>
  </div>
 </body>
</html>
