3704 5559
1195 503 1208 516 “
1323 524 1597 579 εΑΝΤυε
1648 525 2053 579 wel-:smus
2713 517 2853 581 525

508 670 713 762 idest,
768 675 1152 763 expectem
1205 669 1280 741 in
1333 669 1632 764 mundo,
1678 670 1850 764 quia
1904 690 2052 744 non
2101 691 2283 745 curo
2334 671 2426 746 de
2476 671 2694 766 sama,
2737 673 2853 746 vel

509 790 680 884 quia
734 790 878 863 mei
933 795 1103 861 sunt
1131 782 1204 880 (⁴)
1233 775 1561 864 'omnino
1610 790 1757 864 dati
1810 791 2158 884 avaritiae,
2208 812 2326 863 ma
2355 789 2613 884 perche*
2659 799 2855 866 tanta

505 913 765 1002 qrazia
812 913 887 983 in
939 916 999 981 te
1041 912 1186 981 luce
1207 912 1451 1001 prima
1484 912 1603 981 che
1635 914 1723 983 sii
1754 918 2010 1001 mort0,
2053 912 2297 984 nullus
2350 913 2546 986 enim
2599 913 2853 986 vivens

510 1051 839 1124 unquam
893 1029 1148 1102 habuit
1203 1030 1420 1102 talem
1473 1029 1810 1125 gratiam.
1851 1030 2027 1104 Dico
2079 1051 2293 1126 ergo:
2332 1035 2414 1103 10
2458 1035 2567 1124 fui
2614 1034 2855 1104 radice

508 1153 690 1223 della
739 1153 929 1222 mala
980 1153 1263 1241 pianca,
1316 1148 1517 1243 idest,
1572 1150 1858 1223 arboris
1910 1155 1982 1224 et
2040 1151 2438 1245 parentelae
2499 1150 2851 1244 Franciae,

507 1273 624 1343 che
663 1272 1001 1360 aduyyia,
1039 1268 1242 1362 idest,
1280 1268 1673 1342 adumbrat
1710 1269 1990 1362 nocive,
2026 1268 2216 1342 sicut
2259 1271 2483 1343 arbor
2520 1270 2850 1363 herbam,

506 1393 579 1463 la
628 1398 826 1463 terra
874 1393 1240 1479 cristiana,
1307 1388 1478 1482 quia
1544 1389 1809 1463 domus
1876 1388 2200 1463 Franciae
2262 1389 2559 1464 offendit
2621 1397 2850 1463 totam

506 1510 1127 1602 christianitatem,
1180 1507 1353 1602 quia
1405 1506 1824 1581 dominatur
1876 1508 2221 1582 ecclesiae.
2278 1508 2481 1583 Unde
2531 1509 2738 1583 dicit:
2791 1501 2851 1582 εὶ

503 1632 621 1701 che
670 1631 854 1700 buon
896 1633 1116 1722 fracto
1166 1629 1354 1700 rado
1401 1648 1477 1698 se
1527 1647 1613 1699 ne
1660 1630 2002 1719 schianta,
2039 1629 2241 1722 idest,
2278 1630 2469 1703 bona
2522 1630 2847 1724 operatio

506 1768 677 1822 raro
729 1747 964 1821 oritur
1012 1769 1057 1820 a
1110 1747 1331 1842 stirpe
1383 1746 1536 1819 ista.
1591 1746 1677 1820 Et
1728 1754 1975 1821 tamen
2010 1748 2235 1842 aliqui
2285 1748 2585 1822 fuerunt
2637 1768 2848 1845 reges

504 1868 818 1942 illustres
868 1867 961 1941 de
1010 1867 1199 1941 linea
1241 1867 1398 1960 ista,
1434 1867 1622 1940 sicut
1654 1865 2067 1940 Ludovicus
2101 1873 2393 1941 sanctus
2435 1874 2507 1942 et
2540 1868 2847 1942 Carolus

501 1988 727 2063 frater
796 1987 999 2062 eius:
1055 1993 1128 2061 et
1195 1986 1458 2060 domus
1518 1988 1675 2061 haec
1734 2007 1974 2080 usque
2022 1987 2115 2061 ad
2166 1993 2500 2082 tempora
2552 1988 2685 2062 ista
2738 1994 2849 2063 est

502 2108 997 2203 potentissima
1048 2107 1119 2180 in
1173 2114 1421 2182 nostro
1473 2107 1871 2199 occidente,
1915 2108 2101 2180 sicut
2154 2128 2284 2181 rex
2327 2107 2674 2204 Franciae,
2713 2132 2843 2184 rex

502 2229 872 2322 Navarrae,
910 2249 1041 2302 rex
1076 2229 1491 2325 Hungariae,
1537 2228 1790 2324 regina
1830 2228 2131 2323 Apuliae.
2160 2269 2259 2281 —
2286 2233 2431 2301 Ma.
2468 2230 2597 2303 Hic
2631 2231 2847 2325 Hugo

500 2349 763 2443 probat
839 2349 1035 2442 quod
1110 2348 1290 2423 dixit
1354 2369 1487 2443 per
1561 2368 1816 2444 regem
1887 2352 2062 2421 tunc
2126 2354 2580 2444 regnantem.
2661 2350 2845 2423 Nam

499 2470 866 2565 Philippus
926 2471 1180 2564 pulcer
1241 2469 1603 2564 pessimus
1671 2489 1937 2564 regum
2014 2467 2359 2562 Franciae,
2424 2476 2505 2543 ut
2564 2468 2848 2543 dicetur

500 2591 718 2684 paulo
777 2596 957 2684 post,
1018 2610 1212 2663 anno
1277 2588 1565 2662 Domini
1625 2588 2022 2663 MCCXCVI
2082 2587 2342 2662 invasit
2414 2588 2845 2662 comitatum

500 2707 855 2782 Flandriae
905 2713 979 2782 et
1028 2709 1216 2804 cepit
1258 2708 1632 2805 Brugiam,
1675 2706 1930 2781 Lillam
1984 2713 2057 2782 et
2083 2698 2157 2799 (²)
2213 2706 2490 2802 Gaiam,
2546 2713 2619 2783 et
2667 2708 2845 2783 alias

503 2835 736 2903 terras
804 2828 1129 2902 vastavit.
1197 2828 1284 2900 Et
1343 2848 1537 2902 anno
1601 2828 1860 2921 MCCC,
1923 2847 2095 2900 cum
2174 2847 2423 2902 comes
2488 2828 2844 2902 Flandriae

502 2969 674 3022 cum
733 2946 1022 3020 duobus
1083 2946 1243 3020 filiis
1305 2948 1622 3023 venisset
1679 2948 1772 3022 ad
1832 2968 2033 3040 eum,
2087 2968 2219 3022 rex
2290 2968 2418 3023 eos
2477 2948 2871 3022 carcerari·

502 3067 691 3161 fecit,
733 3073 807 3141 et
855 3067 1156 3140 abstulit
1207 3068 1311 3141 eis
1363 3067 1792 3141 comitatum
1834 3067 2210 3142 Flandriae.
2248 3067 2388 3142 Sed
2429 3074 2591 3163 post
2640 3068 2849 3142 bien-

501 3187 705 3260 nium
760 3192 1009 3260 secuta
1064 3194 1174 3260 est
1226 3186 1559 3280 vindicta,
1614 3208 1837 3280 quam
1892 3189 2105 3283 Hugo
2158 3188 2276 3262 hic
2325 3188 2601 3281 oravit3
2671 3187 2844 3280 quia

367 3312 370 3313 *
502 3306 946 3380 flandrenses
1009 3306 1171 3380 sacti
1232 3307 1539 3381 rebelles
1592 3307 1924 3382 fecerunt
1978 3328 2324 3404 magnam
2378 3314 2700 3403 stragem
2753 3306 2845 3381 de

502 3428 829 3504 exercitu
890 3426 1110 3522 ipsius
1160 3427 1373 3523 regis.
1436 3427 1620 3501 Dicit
1680 3448 1861 3524 ergo
1902 3430 2157 3523 Hugo:
2217 3433 2342 3501 Ma
2407 3450 2481 3501 se
2536 3431 2844 3518 Doayio,

507 3551 803 3640 GucmtO,
850 3552 1026 3621 Lilla
1075 3570 1113 3620 e
1162 3551 1484 3639 Bruyyia
1523 3555 1868 3641 potesser,
1905 3554 2080 3620 tosto
2113 3569 2201 3621 ne
2233 3551 2437 3621 saria
2487 3552 2801 3621 vendeua
2813 3574 2842 3640 ;

500 3667 811 3742 vindicta
862 3668 994 3741 ista
1036 3668 1190 3762 jam
1247 3674 1407 3742 erat
1457 3668 1667 3760 facta,
1723 3667 2018 3761 quando
2070 3674 2283 3761 poeta
2334 3667 2659 3761 scripsit:
2714 3665 2842 3739 sed

500 3785 789 3880 respicit
854 3786 947 3858 ad
1014 3793 1302 3880 tempus
1363 3806 1518 3860 suae
1578 3787 1895 3880 visionis,
1950 3786 2244 3880 quando
2306 3786 2511 3882 fingit
2577 3785 2710 3858 ista
2759 3804 2841 3858 se

499 3903 788 3978 audisse
836 3905 930 3979 ab
978 3907 1308 4001 Hugone.
1362 3907 1450 3979 Et
1499 3907 1704 3981 dicit:
1747 3914 1814 3980 et
1847 3910 1918 3979 io
1970 3909 2043 3978 la
2090 3909 2372 3995 cheqqio
2423 3926 2472 3977 a
2522 3906 2642 3994 lui,
2693 3903 2834 3976 sci-

497 4023 664 4098 licet
713 4025 888 4119 De0,
925 4027 1042 4097 che
1094 4031 1258 4097 tulto
1306 4029 1621 4117 qiuyyia,
1677 4026 1881 4120 idest,
1925 4025 2205 4120 Judicat
2231 4014 2329 4117 (³),
2384 4024 2556 4117 quia
2595 4024 2840 4119 justus

486 4143 718 4239 judex
795 4144 1183 4220 vindictam
1265 4144 1431 4220 facit
1488 4146 1582 4220 de
1639 4146 1842 4220 omni
1906 4143 2302 4237 iniustitia3
2368 4144 2485 4217 vel
2551 4141 2841 4237 respicit

496 4265 588 4339 ad
641 4271 954 4339 mortem
1009 4266 1333 4361 Philippi,
1386 4273 1468 4339 ut
1534 4267 1702 4341 dicit
1767 4266 1960 4339 alibi.
1991 4306 2089 4319 —
2121 4266 2479 4338 Chiamato
2530 4266 2656 4357 sui.
2712 4261 2841 4335 Hic

496 4386 712 4482 Hugo
789 4386 1201 4460 manifestat
1266 4407 1346 4461 se
1411 4393 1484 4461 et
1545 4407 1719 4459 suos
1783 4406 1826 4460 a
1898 4385 2194 4459 nomine
2260 4384 2527 4476 dicens,
2603 4385 2677 4455 di
2740 4374 2837 4471 ld,

620 4642 676 4707 (¹)
708 4643 769 4692 E.
801 4643 903 4693 sint
936 4646 1163 4694 omnino.
1290 4644 1342 4704 (²)
1377 4644 1438 4693 E.
1471 4643 1676 4704 Lillam,
1713 4648 1765 4693 et
1799 4644 1922 4693 alins
1955 4648 2138 4694 terras.
2262 4638 2317 4704 (⁸)
2351 4640 2413 4690 E.
2435 4639 2671 4699 vindicat,
2695 4639 2830 4702 quia.
