3704 5559
1420 520 1697 576 cAN‘rus
1746 521 2005 576 NoNus.
2739 510 2879 577 263

538 670 635 745 ab
669 669 868 744 omni
902 668 1167 762 dubio;
1208 675 1273 740 et
1310 671 1379 741 io
1420 670 1712 760 direer,
1747 668 2025 762 supple,
2065 667 2261 742 movi
2298 689 2442 763 me,
2483 672 2681 743 iuver
2715 674 2887 744 Γαί-

540 798 734 882 tura,
785 790 977 863 illius
1027 790 1241 863 scalae
1289 790 1479 863 altae.

688 915 945 1002 Lector,
999 918 1068 983 lu
1119 912 1274 983 vedi
1323 910 1468 981 ben.
1522 908 1664 983 Ista
1715 916 1826 983 est
1889 908 2100 983 tertia
2148 930 2315 1003 pars
2373 911 2759 1005 generalis,
2812 911 2888 985 in

541 1053 691 1127 qua
741 1038 957 1127 poeta
1007 1030 1348 1105 describit
1398 1038 1686 1124 portam
1730 1036 1804 1103 et
1845 1030 2255 1125 portarium
2308 1032 2752 1128 purgatorii3
2814 1039 2888 1107 et

546 1151 724 1246 quia
765 1151 921 1247 jam
959 1151 1126 1226 fecit
1159 1152 1452 1245 pulcras
1488 1158 1560 1225 et
1592 1149 2022 1225 artificiosas
2063 1150 2413 1245 fictioneS,
2448 1159 2522 1226 et
2556 1152 2888 1227 facturus

545 1279 656 1348 est
704 1272 881 1345 alias
928 1271 1002 1345 in
1054 1271 1186 1345 ista
1227 1272 1557 1365 materia,
1594 1272 1756 1345 ideo
1805 1271 2038 1345 reddit
2072 1271 2486 1346 auditorem
2522 1278 2883 1346 attentum

544 1392 636 1468 ad
684 1391 1067 1486 sequentia
1119 1392 1593 1487 magnificans
1621 1385 1694 1484 (¹)
1748 1411 2174 1486 processum
2232 1413 2477 1465 suum.
2521 1393 2726 1466 Unde
2777 1392 2889 1465 di-

544 1513 689 1588 cit:
735 1517 798 1586 0
848 1516 1074 1604 lettor,
1127 1520 1197 1586 cu
1251 1516 1404 1586 vedi
1453 1513 1605 1603 ben,
1642 1512 1844 1606 idest,
1888 1512 2193 1586 faciliter
2248 1513 2497 1588 videre
2545 1513 2765 1588 debes
2814 1520 2888 1588 et

545 1639 749 1728 potes
799 1652 891 1706 ex
934 1633 1090 1727 Jam
1142 1632 1369 1725 dictis,
1420 1635 1593 1704 com’
1617 1635 1688 1703 io
1734 1634 2048 1722 innalzo,
2086 1632 2287 1725 idest,
2336 1633 2603 1725 exalto,
2640 1636 2711 1705 la
2745 1636 2888 1705 mia

547 1757 874 1844 macena,
923 1751 1330 1827 secundum
1393 1752 1590 1845 quod
1641 1752 1856 1826 altius
1906 1753 2223 1826 ascendo
2264 1774 2396 1848 per
2448 1760 2800 1847 montem,
2853 1776 2891 1826 e

537 1866 719 1967 perd
766 1894 909 1946 non
960 1876 1011 1946 ta·
1061 1876 1532 1963 maraviyliar
1581 1876 1636 1945 s’
1662 1876 1732 1945 io
1783 1876 1857 1946 la
1906 1877 2252 1965 rincalw,
2294 1873 2498 1966 idest,
2546 1872 2889 1946 suffulcio

549 2001 623 2069 et
673 1993 950 2088 muni0,
1002 2015 1135 2067 con
1182 1988 1309 2085 pi&
1373 2001 1552 2084 arte,
1604 1992 1900 2088 scilicet,
1954 1993 2362 2068 fictionibus
2424 1994 2659 2090 magis
2706 1992 2889 2066 arti-

548 2112 810 2189 ficiosis
859 2120 934 2188 et
984 2112 1459 2191 sententiosis.
1512 2113 1718 2187 Unde
1765 2122 1941 2188 nota
1979 2115 2093 2188 hic
2134 2112 2332 2207 quod
2383 2114 2891 2209 antipurgato-

549 2234 746 2316 rium
798 2234 934 2307 fuit
984 2233 1292 2309 materia
1327 2235 1543 2328 plana
1594 2241 1668 2309 et
1720 2235 1943 2314 facilis
1971 2225 2046 2325 (²)
2083 2241 2419 2329 respectu
2462 2233 2892 2332 purgatorii,

549 2359 625 2429 et
673 2352 767 2427 ita
822 2353 1529 2449 post-purgatorium
1578 2354 1716 2427 erit
1752 2353 2061 2428 materia
2096 2353 2516 2429 difficillima
2551 2361 2888 2450 respectu

550 2472 974 2570 purgatorii,
1014 2480 1098 2546 ut
1146 2472 1418 2546 videbis
1463 2474 1536 2545 in
1589 2493 1957 2567 processu.
1987 2512 2086 2525 —
2114 2477 2267 2546 Noi.
2313 2473 2442 2547 Hic
2475 2481 2697 2568 poeta
2729 2481 2892 2550 tan-
2979 2522 2990 2533 ·

547 2594 652 2692 git
701 2613 1080 2668 accessum
1132 2612 1395 2666 eorum
1447 2592 1539 2667 ad
1588 2593 2011 2687 proximum
2065 2594 2604 2689 purgatorium,
2639 2602 2713 2669 et
2763 2594 2891 2668 de-

550 2713 798 2789 scribit
845 2719 1133 2809 porlam
1187 2718 1261 2787 et
1313 2712 1716 2808 portarium
1756 2712 1828 2786 in
1868 2711 2232 2810 generali3
2277 2712 2472 2788 unde
2517 2712 2717 2789 dicit:
2758 2717 2897 2787 Noi

549 2838 616 2909 ci
638 2855 1193 2927 oppress-amm,
1221 2834 1511 2927 scilicet,
1540 2834 1636 2907 illi
1664 2833 1921 2927 balcio,
1951 2840 2016 2906 ec
2046 2855 2382 2906 eravamo
2408 2837 2478 2906 in
2505 2843 2743 2927 parte,
2770 2837 2890 2908 che

550 2946 626 3030 ld
659 2958 837 3029 dove
854 2959 1186 3049 pareami
1205 2958 1449 3048 prima
1481 2975 1578 3026 un
1617 2960 1828 3045 rouo,
1866 2953 2158 3047 scilicet,
2192 2960 2363 3028 ante
2393 2961 2682 3049 portam
2726 2976 2895 3049 quae

550 3084 711 3152 erat
745 3064 1019 3151 *cavata
1070 3076 1143 3149 in
1195 3081 1446 3148 monte
1496 3074 1748 3167 fracto,
1794 3094 1840 3147 a
1882 3066 2118 3167 simili,
2149 3095 2289 3166 pur
2338 3095 2529 3147 come
2566 3095 2663 3149 zm
2709 3058 2897 3170 fesso

550 3197 670 3269 che
717 3198 992 3288 diparte
1025 3215 1253 3285 mum,
1290 3193 1493 3287 idest,
1529 3193 1776 3268 dividit
1811 3214 1948 3288 pro
1983 3192 2310 3267 faciendo
2357 3201 2670 3289 portam,
2709 3195 2898 3269 sicut

553 3335 745 3411 saepe
797 3314 874 3388 fit
922 3313 998 3387 in
1051 3313 1284 3386 muris
1328 3312 1593 3387 nostris
1626 3313 1924 3407 quando
1960 3313 2304 3387 volumus
2344 3313 2590 3389 facere
2623 3335 2893 3390 novam

551 3443 889 3532 portam-3
940 3442 1015 3510 et
1064 3455 1260 3527 ecce,
1310 3437 1453 3507 vidi
1499 3454 1645 3507 una
1671 3441 1915 3527 porta,
1966 3456 2004 3506 e
2054 3441 2159 3507 tre
2189 3437 2408 3526 yradi
2439 3438 2515 3510 di
2548 3444 2728 3510 sotto
2763 3459 2897 3530 per

549 3558 703 3648 aire
744 3557 844 3629 ad
880 3575 1063 3646 essa,
1114 3553 1289 3648 quia
1340 3553 1497 3628 sine
1544 3552 1693 3627 istis
1729 3575 1877 3628 non
1910 3561 2150 3649 potest
2183 3555 2347 3648 quis
2385 3563 2585 3631 recte
2620 3555 2897 3633 intrare

552 3675 1090 3773 purgatorium,
1142 3677 1218 3749 di
1274 3677 1471 3747 color
1518 3675 1801 3765 diversi,
1854 3682 1940 3748 ut
1989 3674 2231 3749 statim
2293 3675 2603 3770 dicetur,
2674 3684 2738 3750 et
2800 3698 2897 3752 zm

548 3800 845 3899 μανείη,
879 3796 1004 3890 qui
1040 3784 1203 3871 erat
1239 3816 1433 3869 unus
1470 3794 1800 3890 angeluS,
1834 3797 1939 3868 αι’
1966 3817 2188 3869 ancor
2223 3818 2366 3901 yzon
2395 3802 2603 3890 facea
2655 3805 2891 3889 molto,

552 3915 630 3991 in
676 3937 830 4010 quo
878 3915 1210 4012 designat
1258 3914 1714 3989 sacerdotem
1767 3915 2284 3990 consessorem.
2323 3916 2412 3990 Et
2449 3915 2787 3991 describit
2822 3915 2898 3989 in

554 4036 848 4134 speciali
879 4037 1115 4132 ipsum
1152 4034 1562 4131 portarium
1598 4035 1694 4108 ab
1728 4036 2158 4111 excellentia
2192 4044 2268 4110 et
2300 4037 2577 4130 babitu,
2612 4035 2893 4110 dicens:

553 4179 592 4232 e
638 4177 833 4232 come
880 4159 926 4229 Γ
951 4158 1185 4230 οοοΙιίο
1224 4149 1352 4249 piel
1402 4176 1440 4228 e
1482 4149 1605 4247 pit)
1657 4157 1720 4228 v'
1746 4158 2009 4248 aper-si,
2055 4155 2262 4250 idest,
2311 4162 2386 4230 et
2435 4176 2608 4231 cum
2662 4156 2898 4252 magis

555 4284 631 4355 et
659 4275 914 4374 magis
963 4275 1236 4351 intendi
1286 4273 1587 4350 oculum
1659 4274 2225 4351 intellectualem
2291 4275 2384 4351 ad
2444 4276 2897 4352 cernendum

554 4398 822 4495 ipsum,
873 4397 1045 4471 vidi!
1088 4398 1289 4470 seder
1336 4415 1560 4487 sopra
1582 4397 1634 4467 ’l
1678 4398 1915 4485 orado
1954 4416 2297 4488 soprarw,
2332 4394 2623 4490 scilicet,
2657 4395 2899 4490 tertie,

682 4607 737 4669 (¹)
768 4605 820 4657 8.
851 4607 1156 4671 significans.

678 4686 735 4747 Γ)
765 4683 828 4735 13.
861 4682 1025 4735 facilis
1056 4690 1294 4748 resmctu
1325 4683 1627 4747 purgatorii,
1661 4686 1723 4733 ut
1755 4682 1948 4734 videbis
1980 4682 2031 4732 in
2066 4697 2331 4746 processu.
2353 4709 2414 4722 —
2437 4681 2551 4734 Not.
