3704 5559
1176 498 1453 552 CAN'rus
1502 498 1816 553 nEcmus
1866 498 2201 563 QmNTus.
2712 491 2852 556 405

505 642 631 717 sed
682 642 870 716 alius
920 642 1259 734 splendor
1310 641 1856 736 supervenienS‚
1901 640 2172 715 scilicet
2221 643 2462 738 angeli
2515 644 2641 736 qui
2692 652 2854 719 erat

507 762 741 835 multo
768 760 1205 855 splendidior
1232 763 1409 855 sole,
1428 762 1661 835 multo
1687 761 1948 835 fortius
1974 761 2330 857 gravabat
2357 762 2488 836 sibi
2512 764 2849 839 frontem.

506 884 673 959 Ideo
723 882 931 956 dicit:
984 884 1180 954 assai
1219 878 1346 974 piic
1378 884 1498 954 che
1530 885 1606 954 di
1630 885 1898 973 prima,
1935 881 2138 975 idest,
2178 903 2399 975 quam
2441 884 2642 977 prius
2678 906 2853 981 gra-

509 1009 813 1078 varetur
863 1023 907 1074 a
959 1001 1344 1096 splendore
1395 1001 1583 1074 solis.
1639 1002 1725 1073 Et
1775 1001 1987 1075 dicit:
2056 1023 2094 1073 e
2153 1010 2396 1098 stupor
2448 1008 2537 1075 m’
2564 1026 2742 1077 eran
2794 1009 2855 1078 le

511 1143 668 1196 cose
698 1143 842 1193 non
873 1129 1096 1210 conte,
1131 1121 1335 1213 idest,
1376 1140 1520 1194 non
1554 1121 1889 1215 cognitae,
1919 1122 2127 1214 quasi
2162 1122 2378 1216 dicat,
2411 1124 2609 1217 quod
2645 1125 2856 1220 igno-

516 1241 702 1315 ratio
751 1262 993 1314 causae
1044 1247 1206 1315 erat
1255 1262 1477 1315 causa
1528 1241 2028 1315 admirationis
2080 1242 2151 1314 in
2196 1263 2308 1335 e0,
2345 1244 2518 1336 quia
2576 1245 2855 1320 nescie-

513 1362 636 1436 bat
687 1362 884 1435 unde
936 1367 1180 1434 tantus
1231 1380 1576 1434 excessus
1638 1361 2058 1456 splendoris,
2107 1363 2349 1436 subito
2410 1366 2853 1459 proveniret,

513 1482 637 1575 qui
691 1481 1028 1555 vincebat
1079 1481 1541 1576 splendorem
1576 1481 1766 1555 solis.
1809 1482 1898 1554 Et
1928 1482 2170 1556 subdit
2207 1484 2619 1558 remedium
2659 1485 2855 1578 quod

511 1601 837 1676 adhibuit
888 1601 1082 1674 circa
1133 1601 1296 1694 hoc,
1347 1600 1632 1675 dicens:
1676 1604 1840 1674 ond’
1858 1604 1929 1673 io
1978 1606 2158 1675 tevai
2206 1607 2268 1676 le
2317 1609 2590 1677 manin
2628 1602 2749 1678 υέι·
2783 1609 2858 1679 la

511 1724 693 1793 cima
740 1723 914 1793 delle
964 1723 1097 1793 mie
1134 1723 1367 1812 ciylia,
1406 1719 1610 1814 idest,
1645 1722 1992 1815 supposui
2031 1743 2332 1796 manum
2383 1725 2613 1798 oculis
2649 1725 2853 1820 meis»,

512 1864 550 1913 e
591 1844 821 1935 secimi
868 1843 934 1913 el
977 1843 1330 1914 solecchio.
1387 1840 1589 1914 Sicut
1639 1842 1862 1915 bomo
1912 1843 2097 1916 solet
2148 1843 2391 1918 facere
2433 1851 2689 1919 contra
2744 1845 2854 1918 ni-

513 1961 743 2033 mium
797 1960 1257 2056 splendorem
1293 1960 1463 2033 solis
1483 1983 1503 2053 3
1546 1966 1619 2035 et
1653 1962 1964 2035 ostendit
1998 1983 2233 2056 quare
2267 1962 2390 2038 fiat
2425 1966 2851 2058 soleohium,

511 2080 803 2156 dicens:
857 2082 977 2151 che
1032 2082 1226 2169 lima,
1291 2079 1495 2174 idest,
1561 2079 1921 2174 diminuit,
1983 2085 2099 2156 del
2148 2086 2505 2156 soverclzio
2568 2085 2852 2175 visibile,

517 2199 720 2293 idest,
773 2199 865 2273 de
923 2200 1427 2293 superfluitate
1485 2200 1748 2276 obiecti
1815 2202 2011 2294 quod
2073 2203 2382 2278 videtur.
2437 2204 2641 2279 Unde
2692 2203 2856 2289 Ari-5

514 2320 812 2393 stoteles
861 2318 1045 2392 libro
1097 2320 1639 2414 problematum
1676 2321 1871 2395 circa
1905 2322 2338 2417 principium
2384 2325 2650 2418 quaerit
2684 2345 2857 2420 pro-

514 2445 676 2534 pter
727 2438 900 2532 quid
953 2459 1214 2513 versus
1265 2441 1494 2514 solem
1547 2447 1995 2534 opponentes
2054 2463 2358 2516 manum
2394 2451 2567 2519 ante
2602 2446 2858 2520 lumen

520 2561 751 2657 magis
811 2559 1167 2635 videmus.
1231 2561 1318 2632 Et
1379 2560 1571 2654 dicit,
1634 2561 1806 2654 quia
1872 2563 2540 2656 superabundantia
2605 2564 2855 2659 prohi-

515 2681 662 2755 bita
715 2701 760 2754 a
789 2702 1038 2757 ‘manu
1091 2680 1330 2753 visum
1375 2700 1520 2754 non
1560 2679 1774 2753 laedit.
1804 2721 1904 2734 -
1935 2686 2157 2755 Come.
2197 2683 2324 2757 Hic
2359 2691 2572 2778 poeta
2608 2691 2859 2759 osten-

511 2802 617 2875 dit
669 2801 1342 2876 reverberationem
1396 2801 1692 2875 luminis
1742 2802 2050 2900 angelici
2091 2824 2222 2898 per
2249 2798 2325 2896 (¹)
2366 2806 2857 2900 comparatio-

516 2941 687 2994 nem
744 2921 1053 2994 nobilem
1093 2928 1167 2995 et
1199 2922 1579 3015 subtilem3
1614 2928 1690 2996 et
1723 2922 2015 2996 videtur
2054 2923 2321 3017 dicere,
2366 2925 2562 3018 quod
2614 2926 2858 3003 evenit

512 3039 646 3113 sibi
698 3039 1128 3115 adveniente
1178 3042 1442 3136 angelo
1493 3042 1679 3116 sicut
1730 3042 1822 3116 de
1885 3042 2101 3116 radiis
2162 3043 2331 3117 solis
2393 3047 2686 3138 quando
2751 3047 2858 3122 se-

517 3158 714 3232 riunt
750 3157 823 3230 in
857 3179 1128 3252 aquam
1150 3151 1224 3253 (²)
1265 3162 1382 3235 vel
1416 3162 1824 3257 speculum,
1863 3163 1988 3254 qui
2043 3162 2569 3260 refranguntur
2603 3185 2858 3260 aequa-

517 3277 680 3352 liter
731 3278 804 3351 in
855 3285 1138 3373 partem
1192 3281 1621 3375 oppositam.
1659 3282 1847 3356 Talis
1883 3302 2064 3379 ergo
2101 3283 2442 3358 refractio
2478 3284 2855 3361 radiorum

514 3397 702 3473 facta
754 3406 866 3473 est
913 3400 1008 3474 ab
1058 3401 1322 3497 angelo
1373 3402 1449 3474 in
1499 3400 1683 3476 facie
1733 3424 1890 3477 sua.
1944 3403 2155 3478 Nunc
2214 3403 2471 3480 ordina
2531 3405 2634 3480 sic
2698 3407 2858 3484 lite-

517 3539 715 3593 ram:
766 3511 909 3592 cosi
956 3521 1055 3592 mi
1090 3541 1323 3612 parve
1369 3542 1559 3594 esser
1601 3543 1933 3614 percosso
1991 3526 2089 3597 ivi
2145 3527 2440 3598 dinanzi
2497 3547 2546 3598 a
2603 3548 2712 3599 me
2759 3523 2858 3602 da

511 3641 660 3712 luce
707 3642 1023 3733 risraua,
1074 3640 1369 3735 scilicet,
1420 3641 1516 3715 ab
1565 3644 1829 3738 angelo
1888 3643 1961 3716 in
2026 3643 2210 3718 facie
2278 3666 2446 3738 sua3
2502 3648 2618 3720 vel
2670 3647 2858 3724 sorte

517 3758 688 3852 quia
740 3760 868 3831 lux
917 3760 1162 3856 angeli
1212 3761 1495 3836 reflexit
1544 3760 1619 3834 in
1671 3763 1838 3836 luce
1889 3762 2057 3836 solis
2122 3764 2310 3836 sicut
2375 3764 2449 3836 in
2516 3767 2853 3862 speculo;

512 3895 710 3948 come
757 3881 1040 3967 quando
1089 3882 1159 3952 lo
1206 3883 1466 3972 rayyio
1513 3884 1700 3953 salta
1740 3883 1909 3955 dall’
1935 3901 2163 3973 acqua
2212 3904 2256 3955 o
2305 3885 2497 3958 dallo
2544 3887 2855 3976 specchio

515 3998 636 4068 alt’
661 4000 979 4089 opposita
1005 4005 1214 4090 parte
1250 4002 1542 4073 salendo
1573 4021 1656 4073 su
1680 4022 1817 4093 per
1857 4004 1927 4074 lo
1967 4004 2175 4074 modo
2207 4000 2609 4094 parecchio,
2645 4005 2851 4101 idest,

516 4134 770 4208 parem
823 4117 940 4192 vel
989 4118 1326 4211 similem,
1378 4142 1425 4224 a
1490 4123 1671 4213 quel,
1724 4121 2015 4215 scilicet,
2072 4142 2251 4197 vero
2317 4123 2521 4198 radio
2588 4125 2852 4222 primo,

507 4236 633 4308 che
677 4239 949 4328 scenae,
1010 4238 1281 4314 scilicet
1336 4238 1428 4315 ad
1487 4261 1762 4346 aquam
1829 4243 1948 4317 vel
2012 4241 2417 4338 speculum.
2470 4245 2559 4319 Et
2616 4239 2856 4324 addit:

501 4374 547 4427 e
593 4362 787 4452 tanto
834 4359 899 4429 si
942 4347 1248 4451 diparte,'
1295 4359 1585 4454 scilicet,
1621 4360 1742 4435 ille
1780 4360 2050 4456 radius,
2085 4365 2213 4437 dal
2255 4367 2472 4438 cadet·
2513 4355 2705 4441 della'
2721 4389 2854 4462 pe-

636 4609 691 4674 (¹)
724 4614 833 4671 117,
867 4623 961 4675 per
989 4597 1167 4665 unam.
1499 4661 1506 4666 .
1670 4610 1730 4677 (')
1764 4617 1872 4676 117,
1905 4616 1960 4666 in
1990 4629 2121 4681 aqua
2155 4618 2237 4670 vel
2268 4618 2498 4682 speculo.
