3704 5559
842 477 981 544 134
1562 488 1971 542 comm-rum
2025 486 2464 541 runnu-roan

835 632 1322 729 cognitionem
1376 631 1684 705 istorum
1738 632 2145 728 pigrorum,
2189 650 2513 723 quorum
2568 650 2854 705 morem
2905 632 3180 706 descri-

836 752 977 846 bit3
1032 751 1226 825 unde
1276 752 1491 826 dicit:
1544 754 1825 824 ciascun
1873 754 1949 823 di
1996 753 2142 841 noi,
2185 749 2455 823 scilicet
2507 750 2846 846 Virgilius
2881 758 2955 825 et
2989 752 3187 825 Dan-

838 878 987 965 teS‚·
1020 874 1084 943 si
1132 879 1342 962 torse,
1395 871 1598 966 idest,
1662 871 1889 946 volvit
1940 892 2041 965 se,
2093 874 2171 943 al
2215 891 2393 942 suon
2442 872 2517 943 di
2565 873 2677 961 lei,
2728 871 2936 965 idest,
2987 872 3179 945 illius

837 992 1036 1067 vocis
1088 991 1518 1065 dissonantis
1571 992 1892 1063 multum
1947 990 2042 1077 ab
2092 1011 2356 1065 eorum
2402 990 2624 1064 nobili
2677 991 3099 1091 intentione,
3150 1014 3187 1064 e

840 1115 1194 1185 vedemmo
1245 1133 1294 1184 α
1342 1115 1695 1202 mancina,
1741 1111 1947 1206 idest,
1999 1133 2045 1185 a
2096 1111 2405 1205 sinistra,
2457 1132 2503 1184 a
2558 1132 2704 1204 qua
2755 1118 2967 1205 parte
3016 1118 3204 1206 sunt⁸

841 1251 1134 1324 semper
1203 1231 1598 1325 reponendi
1662 1231 1774 1303 isti
1850 1230 2110 1325 tristeS‚
2187 1251 2279 1302 un
2341 1251 2534 1320 yran
2588 1238 2910 1323 petrone,
2980 1231 3185 1325 idest,

844 1372 1195 1447 magnam
1260 1360 1570 1446 petram,
1625 1352 1779 1425 sive
1848 1372 2137 1443 saxum,
2191 1350 2387 1442 quod
2453 1350 2763 1425 faciebat
2839 1372 3184 1448 magnam

844 1471 1213 1564 umbram,
1268 1474 1383 1544 del
1433 1474 1623 1562 qual,
1680 1471 1951 1544 scilicet
2009 1491 2210 1563 saxo,
2263 1466 2354 1543 ne*
2398 1473 2465 1543 el
2510 1467 2601 1544 ne*
2643 1475 2741 1562 i0,
2792 1471 2997 1565 idest,
3054 1492 3192 1545 nec

844 1589 1207 1685 VirgiliuS‚
1287 1611 1421 1664 nec
1489 1592 1777 1683 DanteS,
1842 1593 2084 1682 prima
2150 1593 2206 1662 s'
2233 1611 2544 1681 accorse,
2612 1591 2902 1684 scilicet,
2980 1600 3189 1667 ante-

844 1729 1072 1802 quam
1136 1709 1563 1783 audiremus
1629 1710 1855 1811 illam·
1890 1729 2179 1799 vocem,
2230 1730 2399 1802 quae
2465 1710 2684 1783 traxit
2751 1712 3005 1785 oculos
3058 1732 3194 1785 no-

845 1834 1035 1901 stros
1086 1829 1176 1902 ad
1228 1829 1474 1903 locum
1534 1829 1727 1903 unde
1779 1829 2242 1922 procedebat,
2299 1835 2371 1902 et
2441 1829 2602 1903 ideo
2669 1850 2816 1903 non
2880 1850 3195 1925 perpen-

846 1944 1130 2040 derant,
1186 1948 1357 2041 quia
1427 1955 1638 2021 erant
1688 1947 1907 2021 dediti
1961 1947 2246 2021 meliori
2298 1948 2810 2042 speculationi:
2866 1969 3070 2046 ergo,
3120 1941 3194 2023 td

846 2067 911 2135 ci
961 2071 1327 2155 craemnw,
1378 2086 1640 2139 versus
1690 2072 2104 2159 petronem,
2147 2071 2212 2137 et
2256 2069 2352 2138 ivi
2401 2087 2576 2138 eran
2621 2088 2948 2158 persone,
2990 2068 3194 2162 idest,

848 2182 1114 2257 animae
1165 2185 1549 2280 pigrorum
1604 2186 2127 2280 quorumdam,
2180 2189 2298 2258 che
2347 2190 2409 2259 si
2455 2194 2755 2259 slavano
2807 2191 2926 2261 all'
2946 2189 3198 2261 ombra

848 2304 1071 2374 dietro
1124 2306 1202 2374 al
1244 2325 1445 2375 sasso
1461 2330 1492 2395 ,·
1545 2312 1616 2377 et
1669 2305 1833 2378 vide
1870 2326 2095 2399 quam
2139 2305 2328 2379 bene
2363 2312 2574 2399 poeta
2612 2307 2842 2403 tangit
2894 2308 2966 2380 in
3019 2308 3190 2382 bre-

850 2421 1061 2494 vibus
1115 2422 1356 2496 verbis
1407 2424 1778 2518 propriam
1834 2432 2176 2498 naturam
2241 2426 2550 2500 istorum
2610 2427 2888 2521 vilium,
2941 2427 3064 2521 qui
3119 2427 3190 2499 in

850 2540 1127 2636 frigore
1194 2548 1383 2615 stant
1442 2542 1536 2615 ad
1602 2545 1858 2636 solem,
1911 2550 1983 2618 et
2047 2544 2120 2617 in
2186 2545 2337 2619 sole
2406 2552 2598 2619 stant
2663 2547 2755 2620 ad
2821 2547 3189 2620 umbram.

851 2659 1063 2734 Nunc
1114 2661 1309 2735 enim
1361 2668 1520 2736 erat
1570 2663 1678 2736 sol
1728 2646 1943 2758 altuS‚
1997 2663 2160 2738 ideo
2230 2671 2692 2739 retraxerant
2752 2686 2830 2739 se
2882 2666 2973 2739 ad
3025 2688 3197 2739 um-

850 2781 1065 2854 bram
1117 2790 1279 2875 post
1327 2804 1639 2876 saxum3
1697 2805 1868 2856 nam
1930 2784 2043 2857 isti
2114 2786 2293 2859 tales
2358 2786 2559 2858 omni
2618 2786 2691 2859 in
2760 2786 2945 2880 loco,
2996 2787 3196 2861 omni

856 2908 1187 2996 tempore
1238 2903 1466 2994 vitant
1520 2904 1875 2998 laborem,
1930 2904 2218 3000 fugiunt
2280 2906 2604 2981 calorem
2681 2914 2756 2982 et
2818 2907 3074 3002 friguS,
3127 2914 3199 2982 et

854 3021 1017 3095 ideo
1068 3023 1274 3095 velut
1327 3023 1591 3096 umbra
1643 3030 2068 3097 vanescunt.
2122 3024 2293 3099 Ideo
2345 3027 2436 3099 de
2489 3026 2591 3100 eis
2647 3033 2798 3101 tam
2851 3027 3197 3121 breviter,

856 3145 1006 3213 tam
1060 3140 1317 3213 leviter
1368 3147 1581 3233 poeta
1636 3143 2061 3236 pertransit3
2106 3144 2301 3217 unde
2345 3144 2510 3218 vide
2551 3145 2752 3239 quod
2803 3147 3040 3239 qualis
3090 3153 3199 3221 est

857 3263 1055 3331 secta
1107 3258 1565 3352 captivorum
1621 3260 1691 3332 in
1746 3261 2056 3356 inferno,
2105 3263 2265 3336 talis
2316 3269 2426 3337 est
2477 3271 2673 3339 secta
2725 3265 3037 3339 istorum
3089 3265 3199 3360 pi-

855 3397 1167 3473 grorum
1220 3377 1294 3448 in
1346 3379 1791 3473 purgatorio.
1840 3381 1928 3454 Et
1979 3383 2207 3478 tangit
2251 3404 2484 3475 quare
2533 3384 2634 3458 sic
2675 3386 2985 3479 stabant,
3025 3385 3196 3480 quia

856 3517 1005 3571 non
1056 3497 1299 3588 aliqua
1352 3498 1780 3573 necessitate
1834 3501 1949 3575 vel
2000 3522 2246 3596 causa,
2298 3504 2423 3578 sed
2476 3525 2570 3578 ex
2613 3525 2820 3580 mera
2869 3507 3195 3601 pigritia3

860 3617 1054 3690 unde
1122 3616 1336 3690 dicit:
1416 3621 1590 3689 com’
1615 3640 1776 3712 nom
1835 3642 1969 3715 per
2043 3625 2480 3713 neyliyenzia
2542 3645 2591 3694 a
2656 3631 2809 3696 star
2870 3628 2934 3697 si
2990 3645 3194 3717 pone.

858 3736 1062 3809 Unde
1112 3736 1224 3809 isti
1288 3736 1472 3831 pigri
1543 3758 1689 3810 non
1755 3740 1994 3811 solum
2064 3746 2234 3813 sunt
2304 3741 2752 3837 negligentes
2815 3743 2906 3816 ad
2975 3763 3201 3838 opera

863 3855 1262 3949 meritoria,
1306 3856 1433 3930 sed
1468 3857 1685 3930 etiam
1741 3857 1830 3930 ad
1884 3859 2133 3932 omnia
2184 3866 2346 3933 acta
2377 3852 2448 3951 (¹)
2504 3861 2819 3956 propria,
2863 3862 2960 3936 ita
3004 3862 3201 3957 quod

858 3977 1294 4072 permittunt
1344 3976 1645 4050 domum
1704 3997 1929 4051 ruere
1979 3999 2201 4073 super
2242 4000 2345 4073 se,
2382 3988 2456 4054 et
2495 3987 2782 4084 guttam
2824 3981 3089 4056 cadere
3130 3983 3203 4055 in

860 4098 1162 4171 oculum
1218 4118 1461 4170 suum.
1492 4101 1706 4170 —Ec
1751 4119 1868 4170 un.
1924 4100 2132 4173 Nunc
2183 4107 2397 4193 poeta
2450 4109 2696 4176 noster
2739 4103 3082 4177 describit
3135 4103 3206 4177 in

861 4217 1148 4311 speciali
1188 4239 1420 4289 unum
1461 4218 1811 4310 amicum,
1839 4220 2051 4293 cuius
2082 4220 2369 4315 pigritia
2405 4243 2542 4296 suo
2580 4229 2914 4317 tempore
2947 4244 3206 4298 omnes

861 4337 1247 4411 antecessit
1299 4338 1488 4411 inter
1538 4337 1673 4410 sibi
1727 4345 1958 4413 notos,
2014 4341 2101 4413 Et
2153 4341 2519 4436 specificat
2570 4335 2743 4418 eum
2797 4345 2892 4418 ab
2951 4345 3203 4419 habitu

988 4587 1044 4651 (¹)
1078 4592 1167 4640 11⁷
1201 4602 1231 4639 e
1264 4589 1324 4638 Ε.
1360 4589 1492 4640 sacta
1526 4592 1751 4654 propria.
