3704 5559
1361 502 1639 557 CANTUS
1690 501 2053 555 snm-mus.
2748 490 2890 556 207

547 646 920 742 quomodo
955 645 1325 720 Sordellus
1360 646 1774 721 invitaverit
1815 646 2196 742 Virgilium
2240 646 2332 719 ad
2373 645 2895 720 consideratio-

547 788 715 842 nem
771 767 1106 859 istorum,
1157 766 1441 840 dicens:
1496 771 1563 840 el
1608 773 1978 857 Mantoan,
2020 765 2310 860 scilicet,
2347 765 2739 860 SordelluS,
2776 767 2895 837 che

546 892 609 960 ci
656 910 833 960 avea
884 890 1072 978 volti,
1127 887 1301 980 quia
1334 894 1681 962 'traxerat
1730 908 1859 962 eos
1908 886 2001 961 de
2052 885 2168 959 via
2223 892 2424 960 recta
2475 906 2606 981 per
2660 906 2894 959 unum

548 1009 919 1083 tramitem
982 1007 1391 1102 obliquum,
1445 1014 1525 1081 ut
1567 1010 1725 1104 jam
1777 1007 2052 1081 dictum
2120 1012 2251 1099 est,
2305 998 2664 1097 comino-io,
2719 1027 2894 1101 sup-

549 1131 688 1224 ple,
725 1129 968 1202 dicere
1004 1128 1300 1225 Virgilio
1337 1136 1785 1202 mantuano:
1838 1149 1983 1200 non
2016 1130 2314 1217 voyliate
2348 1128 2539 1198 ch’io
2576 1130 2643 1198 m·
2672 1128 2895 1217 quidi,

548 1248 821 1324 scilicet
878 1269 1097 1343 nunc,
1150 1249 1274 1322 sed
1338 1256 1590 1344 postea
1650 1249 1920 1323 ducam
1986 1269 2141 1342 voS,
2207 1255 2321 1320 tra
2385 1255 2686 1336 costorO,
2742 1252 2892 1320 tam

552 1368 816 1444 devote
865 1375 1264 1463 cantanteS‚
1307 1373 1551 1461 prima
1601 1372 1719 1442 che
1752 1372 1804 1440 'l
1842 1389 2023 1461 poco
2072 1370 2216 1441 sole
2281 1371 2473 1440 ωηατ·
2534 1370 2590 1439 s’
2604 1368 2893 1440 annidi:

549 1496 710 1567 erat
760 1510 941 1586 ergo
1001 1491 1108 1564 sol
1161 1491 1370 1585 quasi
1422 1491 1494 1562 in
1548 1510 1836 1565 occasu.
1895 1491 1979 1562 Et
2030 1488 2132 1562 sic
2184 1494 2356 1561 nota
2413 1487 2612 1581 quod
2663 1485 2897 1560 subti-

549 1611 713 1685 liter
764 1617 977 1706 poeta
1030 1611 1235 1708 fingit
1285 1633 1364 1687 se
1416 1611 1666 1687 videre
1715 1611 1889 1684 istos
1939 1609 2062 1683 tali
2115 1610 2321 1703 hora,
2365 1608 2536 1702 quia
2581 1629 2729 1682 non
2780 1627 2898 1681 es-

550 1738 713 1805 sent
760 1732 875 1806 hic
924 1733 1201 1826 salvati,
1258 1732 1390 1806 nisi
1444 1732 1637 1826 quod
1692 1731 1764 1804 in
1823 1750 2090 1805 occ-asu
2150 1729 2318 1802 vitae
2370 1734 2899 1804 converterunt

553 1874 633 1928 se
681 1853 773 1926 ad
823 1854 1050 1928 solem
1096 1852 1444 1948 Justitiae3
1498 1860 1572 1927 et
1622 1851 1940 1948 assignat
1994 1852 2263 1945 locum,
2307 1871 2542 1943 quare
2592 1850 2685 1923 de
2735 1849 2899 1922 loco

558 1973 677 2046 illo
726 1973 868 2047 sint
918 1973 1312 2068 spectandi,
1368 1973 1661 2048 dicens:
1704 1976 1820 2045 voi
1863 1979 2295 2045 conoscerete
2346 1973 2595 2062 meylio
2635 1973 2736 2061 qli
2776 1971 2902 2042 aui

554 2096 610 2166 ε’
644 2096 813 2167 volti
859 2096 934 2167 di
983 2097 1136 2167 tutti
1178 2097 1441 2185 quanti,
1504 2093 1706 2187 idest,
1768 2091 2102 2166 omnium
2155 2097 2228 2167 et
2279 2091 2767 2187 singulorum,
2829 2092 2905 2163 di

555 2223 788 2307 questo
850 2216 1081 2307 balzo,
1136 2213 1339 2306 idest,
1407 2213 1665 2286 stando
1731 2212 1845 2287 hic
1906 2212 1981 2286 in
2048 2211 2184 2285 isto
2253 2210 2488 2308 gradu
2556 2211 2728 2301 alto,
2783 2210 2903 2281 che

557 2338 799 2409 accola·
847 2341 963 2408 tra
1012 2338 1147 2408 essi
1192 2330 1312 2426 ,qiic
1345 2336 1530 2406 nella
1563 2336 1782 2423 lama,
1817 2332 2021 2426 idest,
2059 2352 2284 2426 quam
2328 2331 2386 2404 si
2431 2329 2681 2405 essetis
2722 2348 2902 2402 con-

557 2455 838 2555 gregati
892 2476 1064 2530 cum
1118 2455 1222 2530 eis
1283 2454 1473 2528 intra
1533 2453 1730 2527 illam
1791 2451 2162 2547 planitiem
2216 2457 2575 2543 cavatam,
2628 2448 2721 2523 ad
2771 2447 2902 2521 de-

555 2576 985 2669 notandum,
1027 2574 1224 2668 quod
1276 2574 1470 2648 fama
1523 2573 1830 2649 istorum
1883 2570 2252 2645 interdum
2310 2569 2544 2664 magis
2594 2572 2804 2641 sonat
2852 2587 2898 2639 a

556 2697 795 2794 longe,
837 2717 1063 2790 quam
1116 2716 1161 2770 a
1210 2715 1460 2791 prope,
1487 2694 1704 2790 juxta
1739 2693 1917 2766 illud
1953 2690 2372 2766 Claudiani:
2420 2692 2663 2761 minuit
2698 2709 2901 2781 proe-

556 2821 776 2892 sentia
827 2823 1120 2913 samam.
1162 2856 1262 2870 —
1306 2819 1518 2890 Colui.
1599 2815 1728 2889 Hic
1791 2813 2163 2888 Sordellus
2231 2810 2558 2884 nominat
2622 2808 2903 2902 aliquot

556 2937 849 3034 spiritus
911 2937 1313 3031 electioreS,
1379 2942 1454 3010 et
1515 2935 1753 3029 primo
1815 2931 2402 3028 principaliorem
2474 2929 2900 3025 principem,

558 3061 828 3136 scilicet
886 3080 1121 3133 unum
1182 3058 1727 3153 imperatorem.
1791 3053 1898 3128 Ad
1967 3053 2177 3129 cuius
2237 3049 2726 3148 cognitionem
2797 3054 2909 3122 est

558 3180 798 3277 primo
847 3179 1250 3273 sciendum,
1287 3176 1485 3271 quod
1536 3175 1966 3270 Rodulphus
2006 3190 2282 3269 genere
2316 3187 2741 3267 germanus,
2776 3188 2907 3263 pa-

559 3310 775 3378 truus
823 3321 1071 3377 comes
1120 3298 1420 3393 Alberti,
1473 3319 1609 3371 sua
1659 3295 2022 3392 probitate
2089 3293 2324 3368 sactus
2385 3298 2497 3366 est
2559 3289 2712 3363 dux
2776 3308 2909 3383 po-

563 3422 1028 3499 tentissimus,
1065 3420 1250 3494 Nam
1288 3416 1671 3512 acquisivit
1703 3415 2076 3508 Sueviam‚
2106 3432 2274 3508 quae
2313 3411 2626 3488 vacabat
2666 3415 2910 3485 morte

559 3543 765 3619 ducis
816 3541 1127 3616 Austriae
1178 3540 1306 3635 qui
1358 3540 1599 3614 suerat
1647 3536 2100 3632 decapitatus
2149 3533 2370 3608 simul
2412 3553 2583 3607 cum
2627 3532 2909 3605 Conra-

559 3665 770 3759 dino;
820 3662 1032 3738 cuius
1083 3661 1252 3736 fecit
1299 3660 1564 3735 ducem
1616 3657 2000 3732 Albertum
2067 3654 2295 3728 fllium
2350 3674 2596 3727 suum.
2626 3654 2738 3731 Et
2788 3672 2910 3726 re-

562 3784 812 3881 gnavit
858 3768 1294 3876 Rodulphus¹
1336 3778 1544 3853 annis
1585 3776 1858 3872 viginti.
1897 3777 1986 3849 Et
2019 3774 2294 3849 electus
2336 3771 2738 3867 imperator
2774 3772 2908 3844 ha-

562 3904 722 3978 buit
768 3923 1000 4000 grave
1032 3901 1311 3976 bellum
1347 3920 1520 3974 cum
1559 3917 1737 3994 rege
1772 3894 2142 3970 Bohemiae
2174 3891 2677 3988 potentissimo
2712 3909 2908 3964 anno

562 4024 850 4098 Domini
900 4020 1427 4114 MCCLXXV113
1480 4016 1605 4114 qui
1656 4015 1980 4112 potentia
2042 4023 2118 4089 et
2175 4011 2548 4107 opulentia
2612 4030 2745 4084 sua
2797 4010 2940 4082 in·-

562 4144 998 4244 dignabatur
1057 4132 1324 4239 parere
1391 4138 1543 4213 sibi.
1606 4139 1914 4232 Propter
1981 4133 2180 4229 quod
2238 4133 2667 4228 Rodulphus
2731 4151 2903 4205 cum

565 4286 839 4363 magno
889 4272 964 4340 et
1013 4264 1181 4339 forti
1232 4261 1561 4338 exercitu
1614 4259 1743 4332 ivit
1783 4264 2041 4333 contra
2076 4275 2275 4333 eum.
2313 4254 2447 4330 Cui
2484 4275 2617 4329 rex
2651 4259 2913 4350 poten-

569 4393 684 4463 ter
732 4384 1078 4480 occurrit‚
1129 4390 1202 4460 et
1252 4381 1644 4458 commisso
1695 4377 2064 4455 acerrimo
2112 4375 2374 4473 proelio
2405 4368 2479 4468 (¹)
2519 4374 2711 4448 inter
2762 4381 2912 4448 tam

694 4635 749 4698 (¹)
783 4640 890 4696 11⁷,
923 4635 1064 4686 hello
1095 4638 1246 4687 iuter.
