<?xml version="1.0" encoding="UTF-8"?>
<!DOCTYPE html PUBLIC "-//W3C//DTD XHTML 1.0 Transitional//EN"
    "http://www.w3.org/TR/xhtml1/DTD/xhtml1-transitional.dtd">
<html xmlns="http://www.w3.org/1999/xhtml" xml:lang="en" lang="en">
 <head>
  <title>
</title>
<meta http-equiv="Content-Type" content="text/html;charset=utf-8" />
  <meta name='ocr-system' content='tesseract 3.04.00' />
  <meta name='ocr-capabilities' content='ocr_page ocr_carea ocr_par ocr_line ocrx_word'/>
</head>
<body>
  <div class='ocr_page' id='page_1' title='image "benvenutideramb00lacagoog_0372.png"; bbox 0 0 3704 5559; ppageno 0'>
   <div class='ocr_carea' id='block_1_1' title="bbox 797 459 2415 527">
    <p class='ocr_par' dir='ltr' id='par_1_1' title="bbox 797 459 2415 527">
     <span class='ocr_line' id='line_1_1' title="bbox 797 459 2415 527; baseline -0.002 -2"><span class='ocrx_word' id='word_1_1' title='bbox 797 459 936 527; x_wconf 83' lang='lat'>360</span> <span class='ocrx_word' id='word_1_2' title='bbox 1522 470 1930 526; x_wconf 75' lang='lat' dir='ltr'>eoMEN&#39;rUM</span> <span class='ocrx_word' id='word_1_3' title='bbox 1979 470 2415 524; x_wconf 64' lang='lat' dir='ltr'>punem-omi</span> 
     </span>
    </p>
   </div>
   <div class='ocr_carea' id='block_1_2' title="bbox 739 600 3157 4430">
    <p class='ocr_par' dir='ltr' id='par_1_2' title="bbox 739 600 3157 4430">
     <span class='ocr_line' id='line_1_2' title="bbox 739 600 3138 710; baseline -0 -21"><span class='ocrx_word' id='word_1_4' title='bbox 739 675 744 679; x_wconf 89' lang='lat'><strong>.</strong></span> <span class='ocrx_word' id='word_1_5' title='bbox 790 658 889 670; x_wconf 89' lang='lat'>-</span> <span class='ocrx_word' id='word_1_6' title='bbox 917 621 1094 689; x_wconf 80' lang='lat' dir='ltr'>Non.</span> <span class='ocrx_word' id='word_1_7' title='bbox 1149 600 1280 690; x_wconf 91' lang='lat' dir='ltr'>Hic</span> <span class='ocrx_word' id='word_1_8' title='bbox 1328 622 1544 710; x_wconf 89' lang='lat' dir='ltr'>poeta</span> <span class='ocrx_word' id='word_1_9' title='bbox 1594 615 2095 710; x_wconf 83' lang='lat' dir='ltr'>descripturus</span> <span class='ocrx_word' id='word_1_10' title='bbox 2153 615 2528 689; x_wconf 88' lang='lat' dir='ltr'>duriorem</span> <span class='ocrx_word' id='word_1_11' title='bbox 2591 635 2888 708; x_wconf 89' lang='lat' dir='ltr'>poenam</span> <span class='ocrx_word' id='word_1_12' title='bbox 2951 614 3138 691; x_wconf 83' lang='lat' dir='ltr'>invi-</span> 
     </span>
     <span class='ocr_line' id='line_1_3' title="bbox 789 736 3135 833; baseline 0 -23"><span class='ocrx_word' id='word_1_13' title='bbox 789 738 1055 812; x_wconf 86' lang='lat' dir='ltr'>dorum</span> <span class='ocrx_word' id='word_1_14' title='bbox 1099 737 1475 833; x_wconf 84' lang='lat' dir='ltr'>praemittit</span> <span class='ocrx_word' id='word_1_15' title='bbox 1508 736 2087 831; x_wconf 83' lang='lat' dir='ltr'><strong>compassionem</strong></span> <span class='ocrx_word' id='word_1_16' title='bbox 2123 755 2384 830; x_wconf 84' lang='lat' dir='ltr'>poenae,</span> <span class='ocrx_word' id='word_1_17' title='bbox 2420 736 2700 810; x_wconf 89' lang='lat' dir='ltr'>dicens:</span> <span class='ocrx_word' id='word_1_18' title='bbox 2738 757 2881 808; x_wconf 80' lang='lat' dir='ltr'>non</span> <span class='ocrx_word' id='word_1_19' title='bbox 2921 740 3135 810; x_wconf 85' lang='lat' dir='ltr'>credo</span> 
     </span>
     <span class='ocr_line' id='line_1_4' title="bbox 788 849 3137 949; baseline -0.001 -19"><span class='ocrx_word' id='word_1_20' title='bbox 788 861 906 930; x_wconf 79' lang='lat' dir='ltr'>che</span> <span class='ocrx_word' id='word_1_21' title='bbox 954 879 1090 949; x_wconf 87' lang='lat' dir='ltr'>per</span> <span class='ocrx_word' id='word_1_22' title='bbox 1168 863 1363 929; x_wconf 78' lang='lat' dir='ltr'>terra</span> <span class='ocrx_word' id='word_1_23' title='bbox 1427 858 1618 928; x_wconf 81' lang='lat' dir='ltr'>vada</span> <span class='ocrx_word' id='word_1_24' title='bbox 1677 858 1909 947; x_wconf 81' lang='lat' dir='ltr'>ancoi,</span> <span class='ocrx_word' id='word_1_25' title='bbox 1970 856 2045 928; x_wconf 93' lang='lat' dir='ltr'>in</span> <span class='ocrx_word' id='word_1_26' title='bbox 2108 856 2386 929; x_wconf 91' lang='lat' dir='ltr'>mundo</span> <span class='ocrx_word' id='word_1_27' title='bbox 2450 862 2722 949; x_wconf 88' lang='lat' dir='ltr'>nostro,</span> <span class='ocrx_word' id='word_1_28' title='bbox 2809 877 3014 937; x_wconf 85' lang='lat' dir='ltr'>uomo</span> <span class='ocrx_word' id='word_1_29' title='bbox 3075 849 3137 928; x_wconf 67' lang='lat' dir='ltr'>si</span> 
     </span>
     <span class='ocr_line' id='line_1_5' title="bbox 789 975 3137 1070; baseline -0.001 -20"><span class='ocrx_word' id='word_1_30' title='bbox 789 981 998 1070; x_wconf 75' lang='lat' dir='ltr'>dum,</span> <span class='ocrx_word' id='word_1_31' title='bbox 1052 976 1327 1050; x_wconf 90' lang='lat' dir='ltr'>habens</span> <span class='ocrx_word' id='word_1_32' title='bbox 1379 982 1509 1050; x_wconf 85' lang='lat' dir='ltr'>cor</span> <span class='ocrx_word' id='word_1_33' title='bbox 1560 996 1867 1049; x_wconf 82' lang='lat' dir='ltr'>saxeum</span> <span class='ocrx_word' id='word_1_34' title='bbox 1923 975 2022 1051; x_wconf 90' lang='lat' dir='ltr'>ita</span> <span class='ocrx_word' id='word_1_35' title='bbox 2090 976 2540 1070; x_wconf 90' lang='lat' dir='ltr'>induratum,</span> <span class='ocrx_word' id='word_1_36' title='bbox 2592 978 2711 1047; x_wconf 76' lang='lat' dir='ltr'>che</span> <span class='ocrx_word' id='word_1_37' title='bbox 2761 997 2905 1048; x_wconf 81' lang='lat' dir='ltr'>non</span> <span class='ocrx_word' id='word_1_38' title='bbox 2948 981 3137 1070; x_wconf 82' lang='lat' dir='ltr'>fosse</span> 
     </span>
     <span class='ocr_line' id='line_1_6' title="bbox 786 1096 3136 1190; baseline 0.001 -20"><span class='ocrx_word' id='word_1_39' title='bbox 786 1106 1003 1190; x_wconf 78' lang='lat' dir='ltr'>punto</span> <span class='ocrx_word' id='word_1_40' title='bbox 1048 1119 1180 1189; x_wconf 86' lang='lat' dir='ltr'>per</span> <span class='ocrx_word' id='word_1_41' title='bbox 1229 1099 1668 1188; x_wconf 78' lang='lat' dir='ltr'>compassion</span> <span class='ocrx_word' id='word_1_42' title='bbox 1711 1099 1786 1168; x_wconf 82' lang='lat' dir='ltr'>di</span> <span class='ocrx_word' id='word_1_43' title='bbox 1822 1100 1982 1188; x_wconf 78' lang='lat' dir='ltr'>quel</span> <span class='ocrx_word' id='word_1_44' title='bbox 2010 1099 2111 1169; x_wconf 76' lang='lat' dir='ltr'>ch’</span> <span class='ocrx_word' id='word_1_45' title='bbox 2138 1099 2208 1168; x_wconf 83' lang='lat' dir='ltr'>io</span> <span class='ocrx_word' id='word_1_46' title='bbox 2244 1098 2388 1168; x_wconf 83' lang='lat' dir='ltr'>vidi</span> <span class='ocrx_word' id='word_1_47' title='bbox 2413 1099 2562 1188; x_wconf 80' lang='lat' dir='ltr'>poi,</span> <span class='ocrx_word' id='word_1_48' title='bbox 2599 1096 2871 1171; x_wconf 90' lang='lat' dir='ltr'>scilicet</span> <span class='ocrx_word' id='word_1_49' title='bbox 2922 1117 3136 1172; x_wconf 83' lang='lat' dir='ltr'>novae</span> 
     </span>
     <span class='ocr_line' id='line_1_7' title="bbox 791 1214 3136 1312; baseline -0.001 -22"><span class='ocrx_word' id='word_1_50' title='bbox 791 1238 1076 1312; x_wconf 84' lang='lat' dir='ltr'>poenae:</span> <span class='ocrx_word' id='word_1_51' title='bbox 1131 1219 1541 1290; x_wconf 89' lang='lat' dir='ltr'>humanum</span> <span class='ocrx_word' id='word_1_52' title='bbox 1597 1216 1790 1290; x_wconf 94' lang='lat' dir='ltr'>enim</span> <span class='ocrx_word' id='word_1_53' title='bbox 1844 1223 1957 1289; x_wconf 91' lang='lat' dir='ltr'>est</span> <span class='ocrx_word' id='word_1_54' title='bbox 2007 1215 2322 1310; x_wconf 90' lang='lat' dir='ltr'>compati</span> <span class='ocrx_word' id='word_1_55' title='bbox 2380 1214 2837 1309; x_wconf 85' lang='lat' dir='ltr'>passionibus</span> <span class='ocrx_word' id='word_1_56' title='bbox 2897 1215 3136 1290; x_wconf 89' lang='lat' dir='ltr'>homi-</span> 
     </span>
     <span class='ocr_line' id='line_1_8' title="bbox 795 1327 3133 1430; baseline 0 -21"><span class='ocrx_word' id='word_1_57' title='bbox 795 1358 997 1430; x_wconf 90' lang='lat' dir='ltr'>num,</span> <span class='ocrx_word' id='word_1_58' title='bbox 1034 1336 1234 1410; x_wconf 93' lang='lat' dir='ltr'>unde</span> <span class='ocrx_word' id='word_1_59' title='bbox 1267 1336 1681 1409; x_wconf 85' lang='lat' dir='ltr'>humanitas</span> <span class='ocrx_word' id='word_1_60' title='bbox 1717 1335 1936 1409; x_wconf 86' lang='lat' dir='ltr'>vincit</span> <span class='ocrx_word' id='word_1_61' title='bbox 1967 1327 2040 1426; x_wconf 81' lang='lat'>(¹)</span> <span class='ocrx_word' id='word_1_62' title='bbox 2077 1335 2297 1409; x_wconf 90' lang='lat' dir='ltr'>etiam</span> <span class='ocrx_word' id='word_1_63' title='bbox 2351 1334 2573 1408; x_wconf 90' lang='lat' dir='ltr'>corda</span> <span class='ocrx_word' id='word_1_64' title='bbox 2624 1334 2925 1409; x_wconf 81' lang='lat' dir='ltr'>efferata</span> <span class='ocrx_word' id='word_1_65' title='bbox 2959 1335 3133 1410; x_wconf 90' lang='lat' dir='ltr'>bar-</span> 
     </span>
     <span class='ocr_line' id='line_1_9' title="bbox 793 1454 3132 1550; baseline 0.001 -22"><span class='ocrx_word' id='word_1_66' title='bbox 793 1457 1184 1550; x_wconf 81' lang='lat' dir='ltr'>barorum3</span> <span class='ocrx_word' id='word_1_67' title='bbox 1239 1455 1336 1530; x_wconf 91' lang='lat' dir='ltr'>ita</span> <span class='ocrx_word' id='word_1_68' title='bbox 1389 1456 1585 1550; x_wconf 90' lang='lat' dir='ltr'>quod</span> <span class='ocrx_word' id='word_1_69' title='bbox 1635 1476 1830 1549; x_wconf 87' lang='lat' dir='ltr'>saepe</span> <span class='ocrx_word' id='word_1_70' title='bbox 1870 1456 2418 1549; x_wconf 90' lang='lat' dir='ltr'>compatiuntur</span> <span class='ocrx_word' id='word_1_71' title='bbox 2461 1455 2769 1528; x_wconf 88' lang='lat' dir='ltr'>miseriis</span> <span class='ocrx_word' id='word_1_72' title='bbox 2803 1454 3132 1530; x_wconf 91' lang='lat' dir='ltr'>inimico-</span> 
     </span>
     <span class='ocr_line' id='line_1_10' title="bbox 794 1576 3134 1670; baseline 0 -21"><span class='ocrx_word' id='word_1_73' title='bbox 794 1597 990 1670; x_wconf 87' lang='lat' dir='ltr'>rum,</span> <span class='ocrx_word' id='word_1_74' title='bbox 1052 1582 1125 1650; x_wconf 96' lang='lat' dir='ltr'>et</span> <span class='ocrx_word' id='word_1_75' title='bbox 1188 1576 1568 1670; x_wconf 77' lang='lat' dir='ltr'>deplorant</span> <span class='ocrx_word' id='word_1_76' title='bbox 1632 1582 1909 1650; x_wconf 88' lang='lat' dir='ltr'>mortes</span> <span class='ocrx_word' id='word_1_77' title='bbox 1971 1597 2261 1668; x_wconf 87' lang='lat' dir='ltr'>eorum,</span> <span class='ocrx_word' id='word_1_78' title='bbox 2313 1582 2386 1649; x_wconf 89' lang='lat' dir='ltr'>et</span> <span class='ocrx_word' id='word_1_79' title='bbox 2437 1576 2800 1648; x_wconf 89' lang='lat' dir='ltr'>honorant</span> <span class='ocrx_word' id='word_1_80' title='bbox 2848 1576 3134 1667; x_wconf 88' lang='lat' dir='ltr'>funera,</span> 
     </span>
     <span class='ocr_line' id='line_1_11' title="bbox 796 1694 3136 1790; baseline 0.001 -23"><span class='ocrx_word' id='word_1_81' title='bbox 796 1694 983 1769; x_wconf 93' lang='lat' dir='ltr'>sicut</span> <span class='ocrx_word' id='word_1_82' title='bbox 1031 1717 1224 1790; x_wconf 83' lang='lat' dir='ltr'>saepe</span> <span class='ocrx_word' id='word_1_83' title='bbox 1275 1695 1443 1769; x_wconf 83' lang='lat' dir='ltr'>fecit</span> <span class='ocrx_word' id='word_1_84' title='bbox 1491 1695 1844 1770; x_wconf 82' lang='lat' dir='ltr'>Hannibal</span> <span class='ocrx_word' id='word_1_85' title='bbox 1886 1694 2435 1769; x_wconf 90' lang='lat' dir='ltr'>crudelissimus</span> <span class='ocrx_word' id='word_1_86' title='bbox 2470 1715 2648 1790; x_wconf 86' lang='lat' dir='ltr'>erga</span> <span class='ocrx_word' id='word_1_87' title='bbox 2692 1696 2965 1770; x_wconf 89' lang='lat' dir='ltr'>multos</span> <span class='ocrx_word' id='word_1_88' title='bbox 2996 1695 3136 1769; x_wconf 90' lang='lat' dir='ltr'>du-</span> 
     </span>
     <span class='ocr_line' id='line_1_12' title="bbox 793 1815 3137 1909; baseline 0 -20"><span class='ocrx_word' id='word_1_89' title='bbox 793 1835 914 1889; x_wconf 92' lang='lat' dir='ltr'>ces</span> <span class='ocrx_word' id='word_1_90' title='bbox 992 1835 1358 1908; x_wconf 82' lang='lat' dir='ltr'>romanoS,</span> <span class='ocrx_word' id='word_1_91' title='bbox 1423 1816 1792 1888; x_wconf 87' lang='lat' dir='ltr'>honorans</span> <span class='ocrx_word' id='word_1_92' title='bbox 1858 1815 2208 1888; x_wconf 87' lang='lat' dir='ltr'>virtutem</span> <span class='ocrx_word' id='word_1_93' title='bbox 2275 1835 2564 1908; x_wconf 88' lang='lat' dir='ltr'>eorum,</span> <span class='ocrx_word' id='word_1_94' title='bbox 2632 1835 2854 1907; x_wconf 91' lang='lat' dir='ltr'>quam</span> <span class='ocrx_word' id='word_1_95' title='bbox 2933 1815 3137 1909; x_wconf 92' lang='lat' dir='ltr'>prius</span> 
     </span>
     <span class='ocr_line' id='line_1_13' title="bbox 794 1934 3136 2029; baseline 0 -21"><span class='ocrx_word' id='word_1_96' title='bbox 794 1935 1252 2010; x_wconf 78' lang='lat' dir='ltr'>infestissime</span> <span class='ocrx_word' id='word_1_97' title='bbox 1301 1934 1580 2027; x_wconf 88' lang='lat' dir='ltr'>oderat,</span> <span class='ocrx_word' id='word_1_98' title='bbox 1617 1936 1804 2009; x_wconf 90' lang='lat' dir='ltr'>sicut</span> <span class='ocrx_word' id='word_1_99' title='bbox 1858 1942 2053 2029; x_wconf 90' lang='lat' dir='ltr'>patet</span> <span class='ocrx_word' id='word_1_100' title='bbox 2089 1935 2283 2029; x_wconf 92' lang='lat' dir='ltr'>apud</span> <span class='ocrx_word' id='word_1_101' title='bbox 2316 1935 2623 2009; x_wconf 86' lang='lat' dir='ltr'>Livium.</span> <span class='ocrx_word' id='word_1_102' title='bbox 2663 1936 2950 2022; x_wconf 85' lang='lat' dir='ltr'>Quanto</span> <span class='ocrx_word' id='word_1_103' title='bbox 2984 1934 3136 2008; x_wconf 81' lang='lat' dir='ltr'>for-</span> 
     </span>
     <span class='ocr_line' id='line_1_14' title="bbox 798 2055 3157 2151; baseline 0.002 -24"><span class='ocrx_word' id='word_1_104' title='bbox 798 2056 941 2127; x_wconf 92' lang='lat' dir='ltr'>tius</span> <span class='ocrx_word' id='word_1_105' title='bbox 991 2076 1171 2151; x_wconf 86' lang='lat' dir='ltr'>ergo</span> <span class='ocrx_word' id='word_1_106' title='bbox 1226 2055 1509 2128; x_wconf 89' lang='lat' dir='ltr'>romani</span> <span class='ocrx_word' id='word_1_107' title='bbox 1562 2056 1995 2130; x_wconf 78' lang='lat' dir='ltr'>naturaliter</span> <span class='ocrx_word' id='word_1_108' title='bbox 2036 2058 2433 2131; x_wconf 88' lang='lat' dir='ltr'>clementes</span> <span class='ocrx_word' id='word_1_109' title='bbox 2485 2056 2599 2129; x_wconf 85' lang='lat' dir='ltr'>usi</span> <span class='ocrx_word' id='word_1_110' title='bbox 2648 2063 2821 2128; x_wconf 89' lang='lat' dir='ltr'>sunt</span> <span class='ocrx_word' id='word_1_111' title='bbox 2870 2058 3157 2131; x_wconf 45' lang='lat' dir='ltr'>huma-⁷</span> 
     </span>
     <span class='ocr_line' id='line_1_15' title="bbox 799 2172 3138 2269; baseline 0.003 -25"><span class='ocrx_word' id='word_1_112' title='bbox 799 2172 989 2245; x_wconf 91' lang='lat' dir='ltr'>niter</span> <span class='ocrx_word' id='word_1_113' title='bbox 1022 2173 1453 2246; x_wconf 76' lang='lat' dir='ltr'>clementia?</span> <span class='ocrx_word' id='word_1_114' title='bbox 1490 2180 1564 2247; x_wconf 92' lang='lat' dir='ltr'>et</span> <span class='ocrx_word' id='word_1_115' title='bbox 1601 2175 1826 2269; x_wconf 86' lang='lat' dir='ltr'>tangit</span> <span class='ocrx_word' id='word_1_116' title='bbox 1864 2174 2037 2267; x_wconf 91' lang='lat' dir='ltr'>quid</span> <span class='ocrx_word' id='word_1_117' title='bbox 2074 2174 2355 2268; x_wconf 87' lang='lat' dir='ltr'>viderit,</span> <span class='ocrx_word' id='word_1_118' title='bbox 2383 2175 2664 2249; x_wconf 86' lang='lat' dir='ltr'>dicens:</span> <span class='ocrx_word' id='word_1_119' title='bbox 2701 2172 2826 2249; x_wconf 66' lang='lat' dir='ltr'>che*</span> <span class='ocrx_word' id='word_1_120' title='bbox 2853 2181 3138 2267; x_wconf 82' lang='lat' dir='ltr'>quando</span> 
     </span>
     <span class='ocr_line' id='line_1_16' title="bbox 792 2276 3139 2386; baseline 0.003 -23"><span class='ocrx_word' id='word_1_121' title='bbox 792 2295 900 2384; x_wconf 81' lang='lat' dir='ltr'>sui</span> <span class='ocrx_word' id='word_1_122' title='bbox 957 2284 1018 2364; x_wconf 67' lang='lat' dir='ltr'>si</span> <span class='ocrx_word' id='word_1_123' title='bbox 1070 2313 1318 2384; x_wconf 81' lang='lat' dir='ltr'>presso</span> <span class='ocrx_word' id='word_1_124' title='bbox 1369 2295 1443 2364; x_wconf 74' lang='lat' dir='ltr'>di</span> <span class='ocrx_word' id='word_1_125' title='bbox 1493 2296 1606 2365; x_wconf 90' lang='lat' dir='ltr'>lor</span> <span class='ocrx_word' id='word_1_126' title='bbox 1654 2297 1919 2386; x_wconf 75' lang='lat' dir='ltr'>yiuncO,</span> <span class='ocrx_word' id='word_1_127' title='bbox 1972 2298 2090 2367; x_wconf 83' lang='lat' dir='ltr'>che</span> <span class='ocrx_word' id='word_1_128' title='bbox 2150 2298 2252 2385; x_wconf 72' lang='lat' dir='ltr'>qli</span> <span class='ocrx_word' id='word_1_129' title='bbox 2310 2298 2436 2367; x_wconf 81' lang='lat' dir='ltr'>atti</span> <span class='ocrx_word' id='word_1_130' title='bbox 2496 2298 2635 2386; x_wconf 84' lang='lat' dir='ltr'>lor,</span> <span class='ocrx_word' id='word_1_131' title='bbox 2687 2276 3139 2371; x_wconf 63' lang='lat' dir='ltr'>miserabiles</span> 
     </span>
     <span class='ocr_line' id='line_1_17' title="bbox 799 2410 3137 2508; baseline 0.002 -25"><span class='ocrx_word' id='word_1_132' title='bbox 799 2410 1093 2484; x_wconf 94' lang='lat' dir='ltr'>illorum</span> <span class='ocrx_word' id='word_1_133' title='bbox 1147 2410 1588 2505; x_wconf 88' lang='lat' dir='ltr'>invidorum,</span> <span class='ocrx_word' id='word_1_134' title='bbox 1656 2435 1703 2484; x_wconf 86' lang='lat' dir='ltr'><strong><em>a</em></strong></span> <span class='ocrx_word' id='word_1_135' title='bbox 1752 2435 1859 2486; x_wconf 85' lang='lat' dir='ltr'>me</span> <span class='ocrx_word' id='word_1_136' title='bbox 1910 2416 2191 2486; x_wconf 80' lang='lat' dir='ltr'>venieno</span> <span class='ocrx_word' id='word_1_137' title='bbox 2241 2418 2431 2505; x_wconf 80' lang='lat' dir='ltr'>certi,</span> <span class='ocrx_word' id='word_1_138' title='bbox 2484 2414 2691 2508; x_wconf 91' lang='lat' dir='ltr'>idest,</span> <span class='ocrx_word' id='word_1_139' title='bbox 2741 2415 2938 2508; x_wconf 90' lang='lat' dir='ltr'>quod</span> <span class='ocrx_word' id='word_1_140' title='bbox 2988 2435 3137 2488; x_wconf 93' lang='lat' dir='ltr'>non</span> 
     </span>
     <span class='ocr_line' id='line_1_18' title="bbox 803 2531 3140 2630; baseline 0.001 -25"><span class='ocrx_word' id='word_1_141' title='bbox 803 2531 1251 2626; x_wconf 82' lang='lat' dir='ltr'>dubitabam,</span> <span class='ocrx_word' id='word_1_142' title='bbox 1303 2532 1491 2607; x_wconf 93' lang='lat' dir='ltr'>sicut</span> <span class='ocrx_word' id='word_1_143' title='bbox 1541 2534 1835 2627; x_wconf 90' lang='lat' dir='ltr'>quando</span> <span class='ocrx_word' id='word_1_144' title='bbox 1888 2555 2092 2608; x_wconf 90' lang='lat' dir='ltr'>eram</span> <span class='ocrx_word' id='word_1_145' title='bbox 2170 2555 2214 2607; x_wconf 93' lang='lat' dir='ltr'>a</span> <span class='ocrx_word' id='word_1_146' title='bbox 2279 2535 2520 2630; x_wconf 86' lang='lat' dir='ltr'>longe,</span> <span class='ocrx_word' id='word_1_147' title='bbox 2576 2556 2707 2626; x_wconf 85' lang='lat' dir='ltr'>per</span> <span class='ocrx_word' id='word_1_148' title='bbox 2762 2537 2862 2625; x_wconf 65' lang='lat' dir='ltr'>,qli</span> <span class='ocrx_word' id='word_1_149' title='bbox 2922 2537 3140 2628; x_wconf 68' lang='lat' dir='ltr'>ecclei,</span> 
     </span>
     <span class='ocr_line' id='line_1_19' title="bbox 801 2646 3142 2749; baseline 0.001 -24"><span class='ocrx_word' id='word_1_150' title='bbox 801 2653 974 2747; x_wconf 91' lang='lat' dir='ltr'>quia</span> <span class='ocrx_word' id='word_1_151' title='bbox 1026 2652 1360 2727; x_wconf 89' lang='lat' dir='ltr'>videbam</span> <span class='ocrx_word' id='word_1_152' title='bbox 1416 2654 1799 2727; x_wconf 88' lang='lat' dir='ltr'>oculanter</span> <span class='ocrx_word' id='word_1_153' title='bbox 1831 2646 1904 2746; x_wconf 71' lang='lat'>(²)</span> <span class='ocrx_word' id='word_1_154' title='bbox 1970 2655 2060 2729; x_wconf 93' lang='lat' dir='ltr'>de</span> <span class='ocrx_word' id='word_1_155' title='bbox 2137 2675 2386 2748; x_wconf 83' lang='lat' dir='ltr'>prope,</span> <span class='ocrx_word' id='word_1_156' title='bbox 2445 2658 2554 2748; x_wconf 78' lang='lat' dir='ltr'>sui</span> <span class='ocrx_word' id='word_1_157' title='bbox 2612 2662 2876 2747; x_wconf 70' lang='lat' dir='ltr'>memte,</span> <span class='ocrx_word' id='word_1_158' title='bbox 2936 2655 3142 2749; x_wconf 92' lang='lat' dir='ltr'>idest,</span> 
     </span>
     <span class='ocr_line' id='line_1_20' title="bbox 797 2775 3142 2872; baseline 0.001 -23"><span class='ocrx_word' id='word_1_159' title='bbox 797 2782 1135 2870; x_wconf 91' lang='lat' dir='ltr'>punctus,</span> <span class='ocrx_word' id='word_1_160' title='bbox 1171 2777 1249 2848; x_wconf 84' lang='lat' dir='ltr'>di</span> <span class='ocrx_word' id='word_1_161' title='bbox 1277 2797 1500 2866; x_wconf 75' lang='lat' dir='ltr'>yrave</span> <span class='ocrx_word' id='word_1_162' title='bbox 1532 2777 1764 2867; x_wconf 82' lang='lat' dir='ltr'>dolor,</span> <span class='ocrx_word' id='word_1_163' title='bbox 1802 2797 1895 2848; x_wconf 84' lang='lat' dir='ltr'>ex</span> <span class='ocrx_word' id='word_1_164' title='bbox 1932 2775 2432 2869; x_wconf 89' lang='lat' dir='ltr'>compassione</span> <span class='ocrx_word' id='word_1_165' title='bbox 2474 2776 2717 2872; x_wconf 86' lang='lat' dir='ltr'>gravis</span> <span class='ocrx_word' id='word_1_166' title='bbox 2765 2797 3142 2870; x_wconf 85' lang='lat' dir='ltr'>poenae.——</span> 
     </span>
     <span class='ocr_line' id='line_1_21' title="bbox 795 2895 3148 2991; baseline 0.001 -22"><span class='ocrx_word' id='word_1_167' title='bbox 795 2901 892 2969; x_wconf 78' lang='lat' dir='ltr'>Di</span> <span class='ocrx_word' id='word_1_168' title='bbox 941 2900 1051 2969; x_wconf 82' lang='lat' dir='ltr'>vil.</span> <span class='ocrx_word' id='word_1_169' title='bbox 1106 2896 1236 2969; x_wconf 91' lang='lat' dir='ltr'>Hic</span> <span class='ocrx_word' id='word_1_170' title='bbox 1286 2903 1503 2989; x_wconf 87' lang='lat' dir='ltr'>poeta</span> <span class='ocrx_word' id='word_1_171' title='bbox 1554 2895 1897 2969; x_wconf 89' lang='lat' dir='ltr'>describit</span> <span class='ocrx_word' id='word_1_172' title='bbox 1948 2896 2177 2990; x_wconf 91' lang='lat' dir='ltr'>ipsam</span> <span class='ocrx_word' id='word_1_173' title='bbox 2233 2917 2552 2991; x_wconf 88' lang='lat' dir='ltr'>poenam,</span> <span class='ocrx_word' id='word_1_174' title='bbox 2604 2897 2885 2971; x_wconf 90' lang='lat' dir='ltr'>dicens:</span> <span class='ocrx_word' id='word_1_175' title='bbox 2924 2901 3020 2971; x_wconf 87' lang='lat' dir='ltr'>Di</span> <span class='ocrx_word' id='word_1_176' title='bbox 3052 2900 3148 2971; x_wconf 79' lang='lat' dir='ltr'>vil</span> 
     </span>
     <span class='ocr_line' id='line_1_22' title="bbox 793 3015 3138 3106; baseline 0.001 -18"><span class='ocrx_word' id='word_1_177' title='bbox 793 3019 1013 3088; x_wconf 79' lang='lat' dir='ltr'>cilicio</span> <span class='ocrx_word' id='word_1_178' title='bbox 1066 3017 1163 3086; x_wconf 87' lang='lat' dir='ltr'>mi</span> <span class='ocrx_word' id='word_1_179' title='bbox 1198 3036 1485 3106; x_wconf 75' lang='lat' dir='ltr'>parcan</span> <span class='ocrx_word' id='word_1_180' title='bbox 1535 3019 1821 3106; x_wconf 82' lang='lat' dir='ltr'>coperti,</span> <span class='ocrx_word' id='word_1_181' title='bbox 1880 3015 2067 3089; x_wconf 90' lang='lat' dir='ltr'>sicut</span> <span class='ocrx_word' id='word_1_182' title='bbox 2113 3016 2287 3088; x_wconf 93' lang='lat' dir='ltr'>olim</span> <span class='ocrx_word' id='word_1_183' title='bbox 2333 3016 2560 3090; x_wconf 85' lang='lat' dir='ltr'>sancti</span> <span class='ocrx_word' id='word_1_184' title='bbox 2611 3017 2866 3091; x_wconf 91' lang='lat' dir='ltr'>Patres</span> <span class='ocrx_word' id='word_1_185' title='bbox 2917 3016 3138 3091; x_wconf 82' lang='lat' dir='ltr'>facie—</span> 
     </span>
     <span class='ocr_line' id='line_1_23' title="bbox 792 3135 3140 3232; baseline 0.001 -23"><span class='ocrx_word' id='word_1_186' title='bbox 792 3135 971 3209; x_wconf 89' lang='lat' dir='ltr'>bant</span> <span class='ocrx_word' id='word_1_187' title='bbox 1022 3135 1489 3209; x_wconf 83' lang='lat' dir='ltr'>humiliantes</span> <span class='ocrx_word' id='word_1_188' title='bbox 1552 3155 1631 3208; x_wconf 93' lang='lat' dir='ltr'>se</span> <span class='ocrx_word' id='word_1_189' title='bbox 1697 3135 1769 3206; x_wconf 91' lang='lat' dir='ltr'>in</span> <span class='ocrx_word' id='word_1_190' title='bbox 1840 3143 2233 3230; x_wconf 90' lang='lat' dir='ltr'>conspectu</span> <span class='ocrx_word' id='word_1_191' title='bbox 2299 3136 2608 3231; x_wconf 81' lang='lat' dir='ltr'>Domini,</span> <span class='ocrx_word' id='word_1_192' title='bbox 2670 3136 3140 3232; x_wconf 89' lang='lat' dir='ltr'>implorantes</span> 
     </span>
     <span class='ocr_line' id='line_1_24' title="bbox 794 3253 3139 3350; baseline 0.003 -26"><span class='ocrx_word' id='word_1_193' title='bbox 794 3253 1367 3328; x_wconf 88' lang='lat' dir='ltr'>misericordiam</span> <span class='ocrx_word' id='word_1_194' title='bbox 1407 3260 1483 3326; x_wconf 92' lang='lat' dir='ltr'>et</span> <span class='ocrx_word' id='word_1_195' title='bbox 1517 3254 1832 3347; x_wconf 88' lang='lat' dir='ltr'>veniam,</span> <span class='ocrx_word' id='word_1_196' title='bbox 1863 3255 2157 3346; x_wconf 90' lang='lat' dir='ltr'>quando</span> <span class='ocrx_word' id='word_1_197' title='bbox 2195 3262 2699 3350; x_wconf 87' lang='lat' dir='ltr'>peccaverant,</span> <span class='ocrx_word' id='word_1_198' title='bbox 2727 3256 2910 3331; x_wconf 90' lang='lat' dir='ltr'>sicut</span> <span class='ocrx_word' id='word_1_199' title='bbox 2941 3277 3139 3331; x_wconf 92' lang='lat' dir='ltr'>nunc</span> 
     </span>
     <span class='ocr_line' id='line_1_25' title="bbox 797 3373 3139 3469; baseline 0.003 -23"><span class='ocrx_word' id='word_1_200' title='bbox 797 3374 908 3447; x_wconf 91' lang='lat' dir='ltr'>isti</span> <span class='ocrx_word' id='word_1_201' title='bbox 959 3373 1213 3466; x_wconf 84' lang='lat' dir='ltr'>invidi3</span> <span class='ocrx_word' id='word_1_202' title='bbox 1267 3395 1304 3445; x_wconf 87' lang='lat' dir='ltr'>e</span> <span class='ocrx_word' id='word_1_203' title='bbox 1353 3377 1505 3446; x_wconf 78' lang='lat' dir='ltr'>l’zm</span> <span class='ocrx_word' id='word_1_204' title='bbox 1557 3377 1848 3465; x_wconf 82' lang='lat' dir='ltr'>sofferia</span> <span class='ocrx_word' id='word_1_205' title='bbox 1900 3377 1944 3446; x_wconf 73' lang='grc' dir='ltr'><strong><em>ἴ</em></strong></span> <span class='ocrx_word' id='word_1_206' title='bbox 1962 3378 2147 3447; x_wconf 79' lang='lat' dir='ltr'>altro</span> <span class='ocrx_word' id='word_1_207' title='bbox 2188 3396 2320 3448; x_wconf 81' lang='lat' dir='ltr'>con</span> <span class='ocrx_word' id='word_1_208' title='bbox 2371 3379 2444 3448; x_wconf 87' lang='lat' dir='ltr'>la</span> <span class='ocrx_word' id='word_1_209' title='bbox 2492 3378 2749 3469; x_wconf 76' lang='lat' dir='ltr'>spallo,</span> <span class='ocrx_word' id='word_1_210' title='bbox 2801 3397 2893 3451; x_wconf 86' lang='lat' dir='ltr'>ex</span> <span class='ocrx_word' id='word_1_211' title='bbox 2946 3376 3139 3452; x_wconf 88' lang='lat' dir='ltr'>cari-</span> 
     </span>
     <span class='ocr_line' id='line_1_26' title="bbox 796 3492 3137 3590; baseline 0.001 -22"><span class='ocrx_word' id='word_1_212' title='bbox 796 3499 970 3584; x_wconf 84' lang='lat' dir='ltr'>tate,</span> <span class='ocrx_word' id='word_1_213' title='bbox 1022 3514 1059 3564; x_wconf 85' lang='lat' dir='ltr'>e</span> <span class='ocrx_word' id='word_1_214' title='bbox 1108 3495 1256 3565; x_wconf 78' lang='lat' dir='ltr'>tulli</span> <span class='ocrx_word' id='word_1_215' title='bbox 1301 3494 1485 3565; x_wconf 84' lang='lat' dir='ltr'>della</span> <span class='ocrx_word' id='word_1_216' title='bbox 1535 3495 1725 3585; x_wconf 80' lang='lat' dir='ltr'>ripa,</span> <span class='ocrx_word' id='word_1_217' title='bbox 1763 3492 2058 3586; x_wconf 87' lang='lat' dir='ltr'>scilicet,</span> <span class='ocrx_word' id='word_1_218' title='bbox 2096 3515 2323 3590; x_wconf 93' lang='lat' dir='ltr'>prope</span> <span class='ocrx_word' id='word_1_219' title='bbox 2359 3502 2711 3589; x_wconf 90' lang='lat' dir='ltr'>montem,</span> <span class='ocrx_word' id='word_1_220' title='bbox 2760 3517 2940 3568; x_wconf 79' lang='lat' dir='ltr'>eran</span> <span class='ocrx_word' id='word_1_221' title='bbox 2986 3499 3137 3588; x_wconf 82' lang='lat' dir='ltr'>sof-</span> 
     </span>
     <span class='ocr_line' id='line_1_27' title="bbox 791 3611 3140 3709; baseline 0.002 -25"><span class='ocrx_word' id='word_1_222' title='bbox 791 3615 980 3705; x_wconf 79' lang='lat' dir='ltr'>serti,</span> <span class='ocrx_word' id='word_1_223' title='bbox 1033 3611 1207 3703; x_wconf 90' lang='lat' dir='ltr'>quia</span> <span class='ocrx_word' id='word_1_224' title='bbox 1257 3613 1864 3688; x_wconf 80' lang='lat' dir='ltr'>sustentabantur</span> <span class='ocrx_word' id='word_1_225' title='bbox 1913 3633 1959 3686; x_wconf 99' lang='lat' dir='ltr'>a</span> <span class='ocrx_word' id='word_1_226' title='bbox 2011 3613 2303 3688; x_wconf 84' lang='lat' dir='ltr'>virtute.</span> <span class='ocrx_word' id='word_1_227' title='bbox 2359 3616 2447 3687; x_wconf 90' lang='lat' dir='ltr'>Et</span> <span class='ocrx_word' id='word_1_228' title='bbox 2496 3614 2858 3709; x_wconf 87' lang='lat' dir='ltr'>specificat</span> <span class='ocrx_word' id='word_1_229' title='bbox 2917 3613 3140 3689; x_wconf 89' lang='lat' dir='ltr'>mise-</span> 
     </span>
     <span class='ocr_line' id='line_1_28' title="bbox 799 3731 3139 3828; baseline 0.002 -25"><span class='ocrx_word' id='word_1_230' title='bbox 799 3731 1106 3805; x_wconf 91' lang='lat' dir='ltr'>rabilem</span> <span class='ocrx_word' id='word_1_231' title='bbox 1165 3737 1414 3805; x_wconf 90' lang='lat' dir='ltr'>actum</span> <span class='ocrx_word' id='word_1_232' title='bbox 1483 3731 1900 3805; x_wconf 90' lang='lat' dir='ltr'>invidorum</span> <span class='ocrx_word' id='word_1_233' title='bbox 1976 3754 2107 3828; x_wconf 88' lang='lat' dir='ltr'>per</span> <span class='ocrx_word' id='word_1_234' title='bbox 2170 3735 2793 3828; x_wconf 88' lang='lat' dir='ltr'>comparationem</span> <span class='ocrx_word' id='word_1_235' title='bbox 2862 3736 3139 3810; x_wconf 88' lang='lat' dir='ltr'>claram</span> 
     </span>
     <span class='ocr_line' id='line_1_29' title="bbox 797 3844 3144 3948; baseline 0.001 -23"><span class='ocrx_word' id='word_1_236' title='bbox 797 3871 1193 3944; x_wconf 86' lang='lat' dir='ltr'>caecorum,</span> <span class='ocrx_word' id='word_1_237' title='bbox 1227 3851 1518 3924; x_wconf 88' lang='lat' dir='ltr'>dicens:</span> <span class='ocrx_word' id='word_1_238' title='bbox 1569 3844 1710 3923; x_wconf 68' lang='lat' dir='ltr'>cosi</span> <span class='ocrx_word' id='word_1_239' title='bbox 1745 3855 1796 3924; x_wconf 85' lang='lat' dir='ltr'>li</span> <span class='ocrx_word' id='word_1_240' title='bbox 1837 3855 2069 3944; x_wconf 80' lang='lat' dir='ltr'>ciechi,</span> <span class='ocrx_word' id='word_1_241' title='bbox 2116 3873 2162 3923; x_wconf 88' lang='lat' dir='ltr'><em>a</em></span> <span class='ocrx_word' id='word_1_242' title='bbox 2213 3857 2324 3925; x_wconf 80' lang='lat' dir='ltr'>cui</span> <span class='ocrx_word' id='word_1_243' title='bbox 2372 3857 2444 3926; x_wconf 87' lang='lat' dir='ltr'>la</span> <span class='ocrx_word' id='word_1_244' title='bbox 2492 3856 2673 3928; x_wconf 85' lang='lat' dir='ltr'>roba</span> <span class='ocrx_word' id='word_1_245' title='bbox 2707 3858 2917 3948; x_wconf 86' lang='lat' dir='ltr'>falla,</span> <span class='ocrx_word' id='word_1_246' title='bbox 2959 3854 3144 3929; x_wconf 89' lang='lat' dir='ltr'>idest</span> 
     </span>
     <span class='ocr_line' id='line_1_30' title="bbox 795 3970 3140 4069; baseline 0.002 -25"><span class='ocrx_word' id='word_1_247' title='bbox 795 3971 1057 4064; x_wconf 86' lang='lat' dir='ltr'>deficit,</span> <span class='ocrx_word' id='word_1_248' title='bbox 1112 3970 1285 4065; x_wconf 89' lang='lat' dir='ltr'>quia</span> <span class='ocrx_word' id='word_1_249' title='bbox 1336 3978 1506 4044; x_wconf 93' lang='lat' dir='ltr'>sunt</span> <span class='ocrx_word' id='word_1_250' title='bbox 1557 3992 1944 4066; x_wconf 80' lang='lat' dir='ltr'>paupereS,</span> <span class='ocrx_word' id='word_1_251' title='bbox 2005 3993 2141 4046; x_wconf 92' lang='lat' dir='ltr'>nec</span> <span class='ocrx_word' id='word_1_252' title='bbox 2203 3982 2508 4066; x_wconf 92' lang='lat' dir='ltr'>possunt</span> <span class='ocrx_word' id='word_1_253' title='bbox 2569 3975 2781 4048; x_wconf 89' lang='lat' dir='ltr'>aliter</span> <span class='ocrx_word' id='word_1_254' title='bbox 2843 3974 3140 4069; x_wconf 89' lang='lat' dir='ltr'>lucrari,</span> 
     </span>
     <span class='ocr_line' id='line_1_31' title="bbox 793 4092 3142 4187; baseline 0.001 -22"><span class='ocrx_word' id='word_1_255' title='bbox 793 4100 1048 4166; x_wconf 77' lang='lat' dir='ltr'>stanno</span> <span class='ocrx_word' id='word_1_256' title='bbox 1100 4095 1175 4164; x_wconf 87' lang='lat' dir='ltr'>ai</span> <span class='ocrx_word' id='word_1_257' title='bbox 1219 4095 1545 4184; x_wconf 81' lang='lat' dir='ltr'>perdoni,</span> <span class='ocrx_word' id='word_1_258' title='bbox 1581 4092 1775 4187; x_wconf 92' lang='lat' dir='ltr'>apud</span> <span class='ocrx_word' id='word_1_259' title='bbox 1827 4092 2189 4187; x_wconf 82' lang='lat' dir='ltr'>ecclesiaS,</span> <span class='ocrx_word' id='word_1_260' title='bbox 2246 4116 2301 4168; x_wconf 73' lang='lat' dir='ltr'>a.</span> <span class='ocrx_word' id='word_1_261' title='bbox 2340 4096 2611 4167; x_wconf 73' lang='lat' dir='ltr'>chieder</span> <span class='ocrx_word' id='word_1_262' title='bbox 2653 4099 2765 4168; x_wconf 89' lang='lat' dir='ltr'>lor</span> <span class='ocrx_word' id='word_1_263' title='bbox 2816 4095 3142 4186; x_wconf 67' lang='lat' dir='ltr'>bisoyna,</span> 
     </span>
     <span class='ocr_line' id='line_1_32' title="bbox 800 4203 3144 4307; baseline 0.001 -21"><span class='ocrx_word' id='word_1_264' title='bbox 800 4213 1090 4305; x_wconf 89' lang='lat' dir='ltr'>scilicet,</span> <span class='ocrx_word' id='word_1_265' title='bbox 1145 4212 1692 4305; x_wconf 90' lang='lat' dir='ltr'>eleemosinam,</span> <span class='ocrx_word' id='word_1_266' title='bbox 1762 4234 1799 4284; x_wconf 86' lang='lat' dir='ltr'>e</span> <span class='ocrx_word' id='word_1_267' title='bbox 1848 4216 1894 4285; x_wconf 87' lang='lat' dir='ltr'>l&#39;</span> <span class='ocrx_word' id='word_1_268' title='bbox 1919 4235 2060 4285; x_wconf 79' lang='lat' dir='ltr'>uno</span> <span class='ocrx_word' id='word_1_269' title='bbox 2111 4216 2167 4286; x_wconf 86' lang='lat' dir='ltr'>il</span> <span class='ocrx_word' id='word_1_270' title='bbox 2212 4235 2389 4306; x_wconf 85' lang='lat' dir='ltr'>capo</span> <span class='ocrx_word' id='word_1_271' title='bbox 2440 4235 2661 4307; x_wconf 81' lang='lat' dir='ltr'>sopra</span> <span class='ocrx_word' id='word_1_272' title='bbox 2712 4219 2756 4288; x_wconf 73' lang='grc' dir='ltr'><em>ἴ</em></span> <span class='ocrx_word' id='word_1_273' title='bbox 2771 4217 2961 4288; x_wconf 81' lang='lat' dir='ltr'>altro</span> <span class='ocrx_word' id='word_1_274' title='bbox 3013 4203 3144 4289; x_wconf 83' lang='grc' dir='ltr'>αυ-</span> 
     </span>
     <span class='ocr_line' id='line_1_33' title="bbox 797 4323 3144 4430; baseline 0.004 -29"><span class='ocrx_word' id='word_1_275' title='bbox 797 4333 1013 4421; x_wconf 86' lang='lat' dir='ltr'>valla,</span> <span class='ocrx_word' id='word_1_276' title='bbox 1065 4329 1248 4403; x_wconf 89' lang='lat' dir='ltr'>idest</span> <span class='ocrx_word' id='word_1_277' title='bbox 1300 4331 1614 4424; x_wconf 91' lang='lat' dir='ltr'>inclinat,</span> <span class='ocrx_word' id='word_1_278' title='bbox 1668 4333 1782 4405; x_wconf 87' lang='lat' dir='ltr'>vel</span> <span class='ocrx_word' id='word_1_279' title='bbox 1816 4323 1888 4424; x_wconf 78' lang='lat'>(³)</span> <span class='ocrx_word' id='word_1_280' title='bbox 1944 4333 2036 4407; x_wconf 96' lang='lat' dir='ltr'>de</span> <span class='ocrx_word' id='word_1_281' title='bbox 2086 4333 2439 4408; x_wconf 88' lang='lat' dir='ltr'>industria</span> <span class='ocrx_word' id='word_1_282' title='bbox 2482 4335 2584 4409; x_wconf 92' lang='lat' dir='ltr'>sic</span> <span class='ocrx_word' id='word_1_283' title='bbox 2631 4335 2930 4430; x_wconf 86' lang='lat' dir='ltr'>faciunt,</span> <span class='ocrx_word' id='word_1_284' title='bbox 2971 4356 3144 4429; x_wconf 83' lang='lat' dir='ltr'>per-</span> 
     </span>
    </p>
   </div>
   <div class='ocr_carea' id='block_1_3' title="bbox 924 4589 2861 4658">
    <p class='ocr_par' dir='ltr' id='par_1_3' title="bbox 924 4589 2861 4658">
     <span class='ocr_line' id='line_1_34' title="bbox 924 4589 2861 4658; baseline 0.004 -18"><span class='ocrx_word' id='word_1_285' title='bbox 924 4589 978 4653; x_wconf 90' lang='lat'>(¹)</span> <span class='ocrx_word' id='word_1_286' title='bbox 1013 4590 1072 4640; x_wconf 87' lang='lat' dir='ltr'>E.</span> <span class='ocrx_word' id='word_1_287' title='bbox 1108 4590 1248 4640; x_wconf 79' lang='lat' dir='ltr'>vicit.</span> <span class='ocrx_word' id='word_1_288' title='bbox 1497 4590 1552 4654; x_wconf 79' lang='lat'>(⁸)</span> <span class='ocrx_word' id='word_1_289' title='bbox 1585 4592 1645 4642; x_wconf 84' lang='lat' dir='ltr'>E.</span> <span class='ocrx_word' id='word_1_290' title='bbox 1678 4591 1977 4643; x_wconf 82' lang='lat' dir='ltr'>oculariter.</span> <span class='ocrx_word' id='word_1_291' title='bbox 2230 4594 2283 4658; x_wconf 83' lang='lat'>(⁸)</span> <span class='ocrx_word' id='word_1_292' title='bbox 2318 4595 2377 4646; x_wconf 87' lang='lat' dir='ltr'>E.</span> <span class='ocrx_word' id='word_1_293' title='bbox 2411 4600 2466 4646; x_wconf 86' lang='lat' dir='ltr'>et</span> <span class='ocrx_word' id='word_1_294' title='bbox 2497 4596 2561 4645; x_wconf 84' lang='lat' dir='ltr'>de</span> <span class='ocrx_word' id='word_1_295' title='bbox 2593 4596 2861 4647; x_wconf 74' lang='lat' dir='ltr'>industria.</span> 
     </span>
    </p>
   </div>
  </div>
 </body>
</html>
