3704 5559
1398 506 1673 562 CANTus
1724 510 2008 563 ramus.
2780 500 2872 568 37

527 651 1104 727 misericordiam
1155 651 1380 725 hostis
1431 652 1879 726 odiosissimi.
1929 653 2256 726 Tertium
2292 654 2428 726 suit
2477 655 2587 727 ira
2638 661 2714 730 et
2765 656 2876 729 in-

528 774 884 875 dignatio:
940 773 1118 847 Cato
1168 773 1363 847 enim
1411 772 1731 847 offensus
1781 795 1825 846 a
1877 773 2186 867 Caesare,
2223 775 2352 867 qui
2405 775 2477 849 in
2519 797 2654 850 suo
2702 796 2879 851 con-

527 897 770 970 sulatu
822 895 1096 968 fecerat
1147 894 1388 989 ipsum
1440 893 1733 990 indigne
1786 893 1975 966 trahi
2010 895 2101 967 ad
2142 915 2547 989 carcerem,
2583 916 2875 990 semper

529 1015 860 1110 quaesivit
914 1013 1327 1107 vindictam,
1381 1019 1457 1088 et
1505 1014 1600 1088 ob
1662 1015 1800 1088 hoc
1851 1015 2261 1088 adhaeserat
2312 1016 2693 1111 Pompei03
2747 1017 2876 1092 sed

530 1135 788 1208 ultimo
839 1133 1120 1229 perdita
1169 1154 1298 1228 spe
1349 1132 1705 1227 vindictae,
1755 1134 1913 1208 viso
1955 1136 2242 1208 Caesare
2291 1136 2592 1229 victore,
2638 1157 2718 1210 se
2751 1157 2875 1211 oc-

532 1254 716 1329 cidit.
770 1255 1134 1341 Quartum
1188 1254 1321 1328 fuit
1372 1253 1688 1347 vanitas;
1743 1275 1914 1327 nam
1966 1254 2152 1328 sicut
2195 1256 2383 1331 bene
2433 1257 2714 1351 scripsit
2762 1257 2876 1332 vir

532 1375 838 1469 sapienS,
867 1375 1046 1449 Cato
1076 1374 1361 1450 videtur
1402 1375 1749 1467 quaesisse
1783 1395 2084 1448 causam
2125 1376 2504 1469 moriendi,
2539 1398 2685 1450 non
2723 1384 2873 1451 tam

531 1500 617 1567 ut
666 1494 1030 1569 Caesarem
1084 1494 1373 1591 fugeret
1417 1515 1643 1588 quam
1695 1500 1780 1566 ut
1829 1495 2231 1569 stoicorum
2283 1516 2598 1571 numero
2648 1498 2876 1571 ascri-

532 1614 861 1709 beretur,
912 1635 1285 1707 suumque
1350 1635 1620 1689 nomen
1671 1614 1918 1707 aliquo
1969 1616 2225 1710 grandi
2276 1616 2598 1692 facinore
2659 1617 2876 1691 clari-

534 1732 805 1807 ficaret.
859 1733 1171 1808 Demum
1226 1754 1359 1828 pro
1394 1733 1689 1826 aliquali
1733 1734 2205 1808 excusatione
2254 1735 2543 1809 Catonis
2594 1743 2703 1809 est
2739 1759 2876 1809 no-

532 1853 861 1949 tandum,
913 1854 1111 1948 quod
1149 1860 1329 1927 tunc
1370 1853 1757 1927 videbatur
1808 1875 1970 1928 esse
2020 1855 2421 1950 gloriosum
2477 1856 2875 1950 anticipare

530 1981 884 2067 mortem,
946 1993 1119 2046 cum
1185 1974 1408 2047 homo
1473 1973 1775 2047 timebat
1838 1973 2184 2048 devenire
2252 1975 2324 2047 in
2402 1996 2664 2048 manus
2741 1975 2875 2050 ad-

534 2093 1034 2167 versariorum
1100 2113 1434 2186 suorum,
1507 2100 1639 2165 aut
1703 2092 1860 2167 fieri
1929 2094 2322 2168 ludibrium
2378 2094 2691 2169 fortunae
2741 2101 2876 2169 aut

532 2213 727 2288 aliud
777 2213 1143 2310 indignius
1191 2213 1338 2307 pati
1388 2213 1596 2307 peius
1649 2221 1925 2288 morte:
1965 2222 2038 2288 et
2074 2235 2166 2289 ne
2206 2215 2541 2309 exempla
2583 2214 2879 2290 aliunde

531 2332 957 2427 perquiram
1011 2339 1342 2426 tempore
1393 2333 1712 2426 praedicti
1765 2333 1931 2409 belli
1980 2328 2306 2428 africani,
2365 2356 2515 2427 quo
2564 2335 2743 2409 Cato
2796 2355 2876 2409 se

530 2452 814 2547 occidit,
865 2452 1101 2546 Scipio
1152 2472 1363 2526 socer
1415 2453 1715 2547 Pompei
1766 2475 1845 2528 se
1896 2455 2174 2548 occidit,
2228 2461 2300 2528 et
2353 2476 2485 2529 rex
2537 2455 2749 2548 Juba,
2785 2453 2876 2529 de

532 2592 857 2666 quorum
908 2571 1267 2645 mortibus
1296 2564 1369 2663 (¹)
1423 2572 1707 2645 dicetur
1768 2573 1856 2644 VI
1916 2574 2232 2668 capitulo
2294 2575 2636 2648 Paradisi.
2690 2575 2876 2662 Quid

531 2691 769 2767 dicam
820 2692 914 2766 de
960 2692 1361 2766 Hannibale
1396 2698 1470 2766 et
1505 2713 1683 2787 rege
1715 2693 2148 2787 Mithridate,
2189 2714 2511 2786 quorum
2559 2700 2877 2788 uterque

533 2833 614 2889 se
663 2831 949 2888 veneno
1000 2811 1327 2905 extinxit,
1374 2817 1454 2884 ut
1486 2811 1774 2886 dicetur
1809 2813 2112 2906 praefato
2147 2799 2464 2906 capitulo
2505 2813 2877 2886 Paradisi‘?

532 2938 607 3007 et
652 2932 755 3007 ita
804 2951 1093 3026 possem
1143 2930 1390 3005 dicere
1437 2930 1532 3004 de
1583 2931 1802 3004 mille.
1855 2931 2040 3019 Quid
2101 2932 2558 3027 singulorum
2621 2953 2879 3007 exem-

532 3052 650 3146 pla
699 3070 978 3146 quaero,
1032 3050 1324 3145 quando
1379 3052 1645 3144 aliquae
1689 3052 1967 3125 nobiles
2012 3052 2339 3127 civitates
2372 3074 2508 3147 pro
2543 3053 2879 3130 libertate

533 3171 880 3266 expositae
930 3171 1233 3245 fuerunt
1281 3170 1477 3245 ferro
1529 3178 1602 3245 et
1653 3171 1822 3268 igne
1874 3171 2377 3247 crudelissimo
2401 3165 2474 3265 (²)
2517 3173 2799 3248 excidio
2831 3194 2877 3248 a

533 3289 844 3390 propriis
891 3289 1196 3383 civibuS,
1231 3289 1417 3363 sicut
1458 3289 1898 3386 Saguntum,
1933 3291 2327 3365 Numantia
2375 3299 2450 3366 et
2498 3291 2768 3366 Astaba
2804 3292 2878 3365 in

534 3409 923 3506 Hispania?
971 3415 1047 3484 et
1097 3409 1196 3483 ita
1255 3409 1347 3484 de
1400 3409 1678 3504 multis;
1731 3416 1806 3485 et
1845 3432 2026 3486 vere
2075 3411 2239 3485 licet
2292 3434 2491 3487 mors
2541 3412 2879 3488 volunta-

536 3529 644 3605 ria
693 3528 1034 3624 culpetur
1073 3529 1249 3624 J‘ure
1279 3519 1353 3620 (³)
1416 3529 1611 3623 apud
1662 3550 1943 3624 omneS,
1996 3531 2170 3624 quia
2213 3531 2618 3627 depositum
2677 3531 2877 3607 reddi

534 3669 683 3726 non
732 3648 951 3724 debet
997 3648 1280 3743 absque
1327 3657 1692 3744 praecepto
1743 3651 2207 3746 deponentis;
2262 3659 2509 3727 tamen
2555 3654 2877 3728 circum-

534 3770 801 3865 scripta
835 3768 1085 3845 fidein
1119 3789 1297 3844 casu
1325 3769 1771 3844 necessitatis
1799 3791 2001 3845 mors
2037 3771 2324 3846 videtur
2350 3775 2873 3868 amplectenda.

534 3888 768 3972 Huius
837 3889 945 3964 rei
1012 3889 1577 3964 memorandum
1648 3892 2071 3985 exemplum
2141 3891 2432 3966 videtur
2498 3893 2879 3986 reliquisse

533 4008 785 4086 Vibius
847 4008 1113 4102 Virius,
1179 4009 1305 4103 qui
1376 4009 1633 4083 nobilis
1701 4017 1998 4084 senator
2069 4032 2444 4105 capuanus
2520 4031 2611 4087 eo
2687 4019 2878 4086 tem-

532 4147 713 4224 pore
760 4149 914 4224 quo
960 4128 1211 4224 Capua
1259 4129 1385 4203 diu
1437 4130 1732 4205 obsessa
1785 4136 1945 4204 erat
1999 4130 2363 4204 reddenda
2416 4132 2763 4227 romaniS,
2804 4133 2880 4208 in

529 4254 793 4323 senatu
842 4268 981 4322 suo
1029 4248 1562 4324 animosissima
1597 4239 1669 4342 (⁴)
1724 4249 2058 4323 oratione
2090 4250 2382 4324 locutus
2422 4257 2555 4346 est,
2593 4273 2881 4329 memo-

530 4383 711 4448 rans
753 4367 893 4441 illis
941 4368 1213 4443 multas
1263 4374 1337 4443 et
1388 4390 1694 4466 magnas
1759 4369 2062 4443 iniurias
2131 4392 2315 4463 quas
2378 4372 2702 4447 fecerant
2753 4393 2879 4448 ca-

654 4555 710 4614 (Ἶ
738 4553 792 4604 S.
822 4559 1014 4605 morte.
1634 4557 1690 4618 (')
1719 4557 1770 4607 S.
1804 4570 1866 4607 ac
1899 4555 2273 4609 crudelissimo.

654 4627 711 4693 θ)
741 4628 807 4684 S.
826 4630 1057 4696 maure.
1633 4633 1689 4696 (⁸)
1722 4634 1783 4684 E.
1815 4635 2060 4685 animosa.
