3704 5559
1394 531 1671 586 CANTUs
1722 532 2007 585 anns.
2775 524 2866 589 35

520 698 704 770 rem,
759 676 932 769 quia
985 684 1444 772 pugnaverat
1495 685 1751 752 contra
1804 677 2232 750 mandatum
2286 678 2466 772 eius,
2511 700 2648 752 cur
2691 681 2870 754 Cato

522 797 757 871 victus
807 798 1132 892 pepercit
1184 797 1327 871 filio
1380 797 1595 891 victo,
1632 796 1755 890 qui
1808 818 1954 870 non
2007 798 2329 891 pepercit
2363 797 2548 871 sibi?
2581 800 2870 886 Quanto
2914 865 2940 875 -

523 920 798 993 altioris
848 919 1074 992 animi
1125 920 1212 990 M.
1254 919 1580 1013 Regulus
1616 917 1752 991 isto
1789 919 1876 989 M.
1916 917 2221 991 Catone!
2259 918 2435 991 Cato
2485 919 2679 992 enim
2725 940 2872 993 non

525 1042 799 1115 vicerat
850 1040 1241 1132 Caesarem,
1294 1038 1414 1111 cui
1466 1038 1702 1112 victus
1752 1038 2184 1133 dedignatus
2236 1045 2346 1111 est
2399 1038 2674 1112 subiici.
2730 1041 2874 1113 Re-

527 1161 743 1257 gulus
794 1179 975 1233 vero
1017 1160 1174 1254 jam
1212 1158 1488 1231 vicerat
1539 1157 2150 1253 carthaginenseS,
2187 1158 2279 1231 de
2323 1159 2591 1251 quibus
2643 1159 2873 1233 victo-

530 1282 795 1354 riosam
825 1272 901 1371 (¹)
954 1279 1267 1376 gloriam
1322 1283 1860 1371 reportaverat3
1896 1285 1970 1351 et
2020 1285 2268 1353 tamen
2321 1279 2414 1352 ab
2466 1279 2569 1352 eis
2619 1285 2871 1374 postea

529 1400 763 1475 victus
813 1399 1045 1473 voluit
1079 1398 1317 1492 potius
1353 1418 1478 1471 eos
1515 1397 1709 1471 ferre
1743 1398 2153 1491 serviendo,
2196 1419 2418 1491 quam
2462 1398 2762 1473 auferre
2796 1419 2876 1474 se

531 1520 635 1595 eis
686 1519 1088 1594 moriendo.
1148 1519 1317 1592 Ideo
1377 1518 1697 1592 servavit
1757 1517 1895 1590 sub
1955 1518 2451 1592 dominatione
2506 1519 2874 1614 carthagi-

531 1640 868 1714 nensium
902 1639 1347 1733 patientiam,
1377 1643 1450 1713 et
1485 1638 1557 1709 in
1596 1657 2077 1711 romanorum
2113 1637 2496 1712 dilectione
2531 1645 2876 1712 constan-

535 1759 736 1853 tiam,
788 1779 922 1834 nec
969 1760 1315 1834 auferens
1366 1779 1633 1852 corpus
1684 1757 1961 1830 victum
2014 1757 2109 1830 ab
2158 1757 2511 1850 hostibuS,
2550 1778 2685 1832 nec
2719 1757 2878 1830 ani-

535 1900 737 1952 mum
790 1879 1142 1953 invictum
1194 1901 1238 1952 a
1304 1878 1604 1951 civibus.
1669 1877 1740 1949 Si
1801 1897 1982 1970 ergo
2043 1876 2155 1949 vir
2222 1897 2573 1950 romanus
2635 1878 2877 1950 cultor

532 1999 881 2073 falsorum
934 2001 1246 2074 deorum
1301 1999 1467 2073 fecit
1517 2000 1658 2072 hoc
1719 2018 1897 2070 vera
1962 1996 2254 2089 virtute,
2308 2007 2584 2089 quanto
2643 1996 2878 2093 magis

536 2120 967 2194 christianus
1016 2121 1256 2193 cultor
1307 2118 1528 2191 unius
1580 2116 1737 2191 veri
1788 2116 1969 2190 Dei?
2020 2115 2094 2187 Si
2145 2122 2396 2190 autem
2442 2117 2879 2191 fortissimus

537 2240 812 2314 Sanson
862 2260 944 2316 se
993 2246 1069 2315 et
1117 2261 1291 2314 suos
1343 2240 1586 2312 hostes
1623 2237 1836 2310 ruina
1871 2237 2135 2309 domus
2176 2237 2552 2329 oppressit,
2598 2239 2736 2311 hoc
2772 2237 2879 2310 fe-

535 2359 632 2434 cit
681 2360 1077 2455 inspirante
1107 2351 1180 2451 (²)
1235 2358 1505 2453 Spiritu
1566 2367 1839 2449 sancto,
1892 2377 2025 2451 per
2079 2376 2301 2449 quem
2367 2356 2720 2430 miracula
2776 2357 2881 2430 sa-

535 2479 793 2554 ciebat.
839 2481 991 2554 Hoc
1032 2480 1253 2554 etiam
1288 2484 1674 2552 senserunt
1709 2497 1967 2551 omnes
2002 2476 2173 2549 boni
2206 2476 2636 2571 philosophi:
2677 2478 2880 2551 Plato

536 2599 834 2694 quidem
884 2600 1170 2674 dicebat
1222 2605 1538 2672 mortem
1593 2596 2003 2671 naturalem
2068 2616 2227 2669 esse
2288 2597 2770 2690 expetendam
2805 2588 2881 2689 (³)

535 2741 581 2796 a
631 2720 878 2816 simili;
931 2720 1120 2795 sicut
1169 2719 1364 2795 enim
1407 2739 1666 2794 servus
1701 2717 1978 2813 positus
2031 2717 2103 2790 in
2157 2736 2456 2791 carcere
2496 2738 2540 2790 a
2584 2717 2881 2792 domino

537 2862 698 2937 suo,
731 2842 790 2915 si
840 2841 1092 2914 furtim
1134 2840 1390 2937 fugiat,
1423 2839 1763 2913 dominus
1799 2858 1946 2911 non
1981 2837 2241 2910 liberat
2281 2837 2519 2929 ipsum
2561 2859 2605 2910 a
2640 2857 2880 2931 poena,

537 2961 664 3036 sed
713 2961 952 3056 potius
1003 2980 1298 3055 poenam
1349 2960 1705 3054 adauget3
1751 2957 1851 3032 ita
1899 2957 2147 3030 anima
2182 2956 2255 3028 in
2297 2976 2628 3050 corpore,
2672 2957 2882 3049 quasi

539 3101 799 3156 servus
846 3081 922 3154 in
972 3100 1274 3156 carcere
1324 3079 1578 3174 posita,
1632 3077 1688 3150 si
1742 3078 1897 3151 sine
1934 3076 2278 3149 mandato
2313 3075 2589 3149 domini
2639 3076 2754 3149 sui
2805 3097 2885 3151 se

539 3200 707 3276 inde
755 3201 1159 3295 subtrahat,
1214 3221 1359 3274 non
1410 3220 1490 3273 se
1550 3198 1806 3272 liberat
1871 3219 1915 3270 a
1964 3217 2207 3291 poena,
2261 3196 2384 3269 sed
2436 3196 2677 3290 potius
2727 3217 2886 3290 poe-

540 3343 715 3397 nam
766 3329 1217 3419 augmentat.
1270 3319 1482 3394 Aliud
1547 3319 1781 3393 simile
1838 3317 2134 3391 adducit
2187 3318 2390 3390 Plato
2422 3305 2520 3412 (⁴),
2583 3317 2769 3391 sicut
2828 3317 2886 3391 si

540 3441 803 3537 aliquis
851 3448 1168 3516 mortem
1213 3440 1477 3514 inferat
1509 3439 1746 3513 alieno
1782 3458 2002 3512 servo
2039 3457 2213 3511 reus
2249 3444 2359 3510 est
2398 3437 2679 3532 mortis,
2715 3436 2889 3531 quia

544 3561 1015 3652 homicidium
1065 3559 1472 3653 commisit3
1516 3559 1614 3631 ita
1665 3560 1888 3632 homo
1942 3558 2068 3650 qui
2120 3564 2230 3631 est
2281 3579 2539 3631 servus
2575 3558 2887 3653 Domini,

542 3681 607 3757 si
655 3680 1017 3757 interfecit
1066 3701 1146 3755 se
1196 3680 1458 3775 ipsum.
1524 3680 1677 3753 Hoc
1710 3670 1781 3770 (⁵)
1838 3678 2032 3751 enim
2097 3677 2356 3771 probat
2407 3677 2731 3751 Plotinus
2781 3678 2890 3751 di-

546 3800 865 3896 scipulus
916 3799 1234 3875 Platonis
1286 3806 1363 3873 et
1411 3799 1694 3893 plenius
1743 3818 1970 3890 quam
2027 3796 2251 3870 Plato.
2306 3796 2411 3870 Ad
2474 3796 2665 3870 idem
2719 3797 2892 3870 dicit

546 3919 820 3995 Tullius
870 3919 1069 4015 quod
1119 3919 1251 4014 piis
1301 3918 1643 3992 omnibus
1695 3916 2119 3992 retinendus
2168 3922 2277 3989 est
2318 3915 2610 3990 animus
2647 3915 2720 3987 in
2754 3935 2891 3988 cu-

544 4038 776 4142 stodia
825 4040 1174 4135 corporiS,
1218 4059 1313 4115 ne
1350 4060 1624 4112 munus
1671 4039 2085 4110 humanum
2138 4034 2585 4130 assignatum
2639 4056 2681 4109 a
2738 4036 2891 4108 Deo

546 4157 819 4255 mgisse
867 4158 1241 4234 videatur:
1294 4159 1445 4232 imo
1496 4157 1779 4234 caeteris
1832 4155 2042 4229 malis
2102 4160 2337 4248 potest
2398 4173 2560 4229 esse
2617 4154 2892 4249 aliquid

546 4271 878 4376 remedii,
928 4280 1103 4355 huic
1160 4300 1341 4355 vero
1399 4279 1595 4352 nihil.
1659 4278 1845 4352 Cum
1907 4276 2103 4351 enim
2171 4277 2392 4348 homo
2459 4275 2893 4350 naturaliter

667 4496 724 4560 (¹)
754 4497 819 4549 Β.
850 4497 1131 4562 glutinum
1161 4499 1450 4550 victoriam.
1797 4495 1854 4559 (³)
1886 4498 1947 4547 E.
1980 4496 2314 4559 inspiratione
2346 4494 2569 4558 Spiritus
2599 4494 2780 4545 sancti.

668 4569 727 4634 (⁸)
757 4575 867 4634 ¹1⁷,
899 4573 1286 4637 expectandam.
1799 4572 1858 4635 (⁴)
1889 4572 1950 4622 Ε.
1985 4572 2135 4622 Plato
2167 4572 2270 4632 sic;
2304 4571 2344 4620 si
2377 4570 2580 4634 aliquis.

670 4645 728 4710 θ)
758 4645 813 4700 S.
844 4660 877 4700 ο
909 4648 974 4700 Ε.
1001 4648 1122 4701 Boc
1154 4649 1291 4702 idom
1323 4649 1524 4715 probat.
