3704 5559
1403 439 1680 494 CANTUs
1730 441 2014 494 mimus.
2785 432 2875 498 41

532 582 844 679 gratiam
897 602 1124 674 quam
1176 581 1403 655 voluit
1453 604 1498 655 a
1550 602 1693 677 me,
1746 584 1920 675 quia
1974 583 2213 677 recepi
2248 603 2415 656 eam
2460 591 2624 678 post
2676 607 2883 660 mor-

537 709 683 776 tem
739 701 1038 775 secundi
1091 701 1271 794 viri3
1325 701 1450 775 sed
1502 701 1736 795 prima
1790 702 2145 796 expositio
2199 710 2310 776 est
2341 703 2435 778 de
2485 704 2884 780 intentione

533 822 836 915 autoriS,
876 829 957 894 ut
990 828 1225 916 potest
1258 827 1513 915 patere
1548 821 1855 896 intuenti
1893 822 2202 896 literam.
2231 863 2329 875 —
2353 828 2495 895 Ma.
2535 824 2663 897 Hic
2705 827 2881 900 Cato

537 942 927 1036 respondet
975 940 1231 1035 primae
1300 941 1488 1035 parti
1539 962 1765 1033 quam
1830 941 2171 1037 Virgilius
2230 942 2572 1038 tetigerat
2633 965 2878 1039 supra,

535 1063 662 1136 ubi
710 1063 1047 1137 dixerat:
1101 1064 1344 1135 donna
1375 1083 1560 1133 scese
1589 1064 1705 1134 del
1733 1065 1882 1154 ciel,
1937 1070 2009 1136 et
2059 1063 2203 1136 ibi:
2241 1067 2417 1136 Dell'
2445 1068 2587 1136 allo
2637 1068 2883 1137 scende

536 1178 716 1256 virt&
765 1185 886 1255 che
930 1184 1283 1274 m’aiuta5
1336 1188 1411 1254 et
1463 1183 1617 1254 vult
1678 1182 2004 1255 breviter
2051 1182 2339 1255 dicere:
2396 1203 2541 1256 non
2592 1184 2880 1278 expedit

534 1301 734 1395 quod
782 1301 1079 1374 adiures
1129 1321 1251 1375 me
1315 1321 1445 1393 per
1505 1321 1839 1374 amorem
1907 1302 2236 1375 mulieris
2298 1303 2687 1396 terrestriS,
2753 1303 2879 1377 sed

530 1420 798 1494 sufficit
853 1420 1052 1513 quod
1122 1420 1456 1514 requiras
1526 1441 1648 1494 me
1709 1441 1842 1515 per
1912 1440 2247 1494 amorem
2313 1421 2502 1494 illius
2565 1421 2878 1497 dominae

528 1539 865 1634 coelestiS,
913 1539 1125 1614 cuius
1184 1539 1522 1634 precibus
1581 1539 1756 1612 dicis
1823 1546 1895 1613 te
1946 1539 2168 1613 fuisse
2219 1546 2503 1612 motum
2564 1542 2655 1614 ad
2707 1563 2879 1615 suc-

534 1660 983 1736 currendum
1036 1659 1149 1733 isti
1201 1661 1599 1733 temerario
1650 1660 1723 1732 in
1759 1666 1961 1733 tanto
1996 1659 2413 1733 discrimine
2454 1660 2641 1734 vitae.
2696 1660 2878 1733 Dicit

535 1801 761 1878 ergo:
812 1802 932 1853 ma
982 1801 1126 1852 non
1175 1783 1240 1852 ci
1286 1783 1380 1851 ha
1430 1782 1690 1852 mistier
1740 1783 2042 1871 lusinya,
2092 1780 2263 1873 quia
2315 1780 2636 1853 adulatio
2686 1801 2877 1854 vana

526 1901 823 1975 videtur
872 1900 1257 1994 requirere
1305 1921 1557 1974 senem
1608 1900 2126 1996 gravissimum
2186 1921 2318 1994 per
2366 1921 2699 1975 amorem
2748 1922 2878 1973 va-

535 2042 715 2096 num
765 2021 985 2094 unius
1036 2020 1355 2094 foemin'ae
1408 2042 1630 2113 quam
1685 2021 1857 2094 olim
1910 2020 2265 2115 dilexerit,
2307 2019 2443 2093 *se
2494 2023 2736 2093 donna
2769 2023 2883 2093 del

531 2143 729 2231 aeto,
777 2140 1051 2215 scilicet
1099 2140 1391 2214 Beatrix
1454 2139 1863 2214 beatificata
1929 2140 2002 2212 in
2053 2142 2264 2234 coelo,
2318 2162 2547 2233 quam
2609 2142 2876 2214 Dantes

529 2260 1035 2335 ardentissime
1084 2258 1397 2333 dilexit*
1428 2252 1538 2352 (');
1591 2266 1664 2333 et
1717 2260 1925 2334 ideo:
1980 2262 2209 2334 hastili
2257 2262 2385 2335 ben
2442 2264 2562 2333 che
2607 2281 2739 2352 per
2790 2264 2878 2333 lei

531 2383 628 2453 mi
662 2383 1011 2471 n‘cloeyqe,
1062 2379 1235 2473 quia
1285 2380 1640 2453 obtinebis
1692 2381 1848 2455 sine
1886 2402 2140 2475 mora3
2185 2381 2382 2456 unde
2417 2382 2659 2455 statim
2696 2402 2875 2455 con-

530 2499 721 2575 cedit
781 2500 881 2574 illi
938 2499 1301 2574 licentiam
1372 2501 1616 2592 eundi,
1684 2500 1976 2574 dicens:
2050 2523 2141 2573 va
2200 2505 2499 2593 dunque,
2577 2523 2671 2576 ne
2730 2508 2874 2575 stes

530 2621 843 2716 amplius
892 2621 966 2693 in
1016 2620 1278 2694 verbis,
1330 2621 1420 2693 Et
1479 2620 1826 2694 continuo
1891 2620 2016 2694 dat
2082 2621 2213 2693 sibi
2282 2627 2644 2715 praecepta
2714 2640 2874 2694 ser-

422 2776 429 2779 *
527 2740 767 2818 vanda
816 2740 1012 2816 circa
1063 2760 1340 2815 novum
1376 2745 1668 2834 poetam
1713 2739 2130 2813 tendentem
2175 2739 2266 2813 ad
2321 2739 2870 2835 purgatorium:

529 2869 604 2937 et
651 2862 892 2955 primo
941 2859 1263 2954 praecipit
1323 2857 1518 2952 quod
1584 2858 1868 2931 muniat
1927 2859 2165 2953 ipsum
2234 2859 2526 2954 cingulo
2580 2859 2878 2932 bumili-

529 2981 719 3075 tatis,
769 2981 944 3074 quia
994 2979 1230 3073 prima
1282 2979 1399 3051 via
1457 2977 1849 3053 accedendi
1912 2978 2006 3052 ad
2062 2979 2591 3073 poenitentiam,
2654 3000 2877 3053 causa

529 3100 961 3178 ascendendi
996 3099 1091 3174 ad
1126 3103 1455 3172 montem
1489 3098 1928 3173 altissimum
1956 3099 2267 3193 virtutis,
2297 3106 2406 3173 est
2443 3098 2874 3192 humiliatio,

530 3241 699 3317 quae
752 3220 1074 3295 maxime
1108 3226 1268 3294 erat
1313 3219 1721 3293 necessaria
1772 3219 1945 3292 huic
1977 3225 2237 3313 poetae,
2275 3220 2426 3312 qui,
2470 3225 2871 3312 antequam

527 3342 835 3416 intraret
882 3338 1074 3413 istud
1122 3339 1288 3432 iter,
1338 3347 1412 3413 et
1474 3339 1849 3412 inchoaret
1899 3338 2092 3414 istud
2150 3360 2336 3433 opus
2386 3339 2870 3432 salutiferum,

527 3460 768 3536 fuerat
817 3458 1030 3534 valde
1078 3458 1457 3552 superbus
1521 3458 1703 3532 Dicit
1760 3479 1986 3554 ergo:
2041 3482 2078 3532 e
2128 3463 2212 3553 fa
2262 3463 2381 3533 che
2448 3467 2517 3532 tu
2566 3461 2870 3550 ricinqa,

527 3580 720 3656 bene
741 3578 912 3654 dicit
938 3579 1292 3675 recingaS,
1322 3578 1494 3671 quia
1522 3584 1740 3652 autor
1767 3587 1929 3653 erat
1953 3579 2127 3652 olim
2163 3580 2443 3653 cinctus
2471 3601 2620 3653 una
2646 3579 2869 3654 corda

528 3700 825 3798 nodosa,
874 3682 1079 3791 idest,
1130 3697 1412 3790 fraude,
1464 3719 1612 3789 qua
1666 3697 2006 3794 Virgilius
2044 3698 2484 3773 discinxerat
2518 3720 2691 3773 eum
2733 3718 2869 3792 pro

525 3817 874 3914 capiendo
930 3815 1280 3910 Gerione3
1337 3815 1499 3890 ideo
1577 3816 1733 3889 vult
1781 3816 1980 3909 quod
2032 3837 2229 3890 nunc
2305 3818 2633 3912 recingat
2691 3837 2865 3890 eum

516 3937 747 4035 juneo
804 3936 1041 4031 enodi,
1114 3935 1278 4011 ideo
1345 3935 1562 4009 dicit:
1629 3938 1698 4008 d'
1724 3957 1821 4008 un
1883 3940 2136 4027 yiunco
2192 3939 2487 4010 schietco.
2549 3937 2636 4008 Et
2697 3942 2867 4011 nota

523 4056 947 4152 medbene
979 4055 1251 4152 figurat
1299 4055 1785 4129 humilitatem
1823 4075 1958 4149 per
1981 4056 2318 4150 juncum.
2358 4056 2635 4129 ‚Iuncus
2668 4056 2866 4129 enim

520 4177 760 4252 oritur
802 4175 885 4249 in
948 4175 1124 4250 locis
1186 4175 1438 4269 bassiS‚
1503 4175 1578 4248 in
1638 4175 1813 4248 limo
1878 4174 2100 4269 molli,
2163 4182 2236 4249 et
2299 4181 2410 4249 est
2466 4175 2623 4250 sine
2673 4175 2866 4251 nodo

518 4294 793 4389 brevis,-
838 4293 1192 4388 flexibilis,
1227 4299 1302 4369 et
1335 4294 1526 4369 cedit
1563 4294 1658 4368 ad
1692 4294 2046 4388 impetum
2085 4294 2456 4368 undarum
2493 4301 2569 4370 et
2600 4304 2867 4372 curvat

643 4545 696 4607 (¹)
728 4545 801 4594 Le
833 4546 1011 4607 parole
1041 4545 1123 4596 fra
1156 4546 1174 4595 i
1204 4547 1306 4596 due
1338 4546 1603 4595 asteriscbi
1636 4559 1730 4596 sou
1761 4546 1987 4609 supplite
2018 4547 2155 4609 dagli
2189 4546 2309 4596 altri
2341 4546 2532 4597 Codici.
