3704 5559
1207 526 1484 581 CAN'rns
1534 527 1844 582 nmmos
1892 527 2151 581 NONUS·
2708 518 2845 583 509

507 692 767 747 servus
820 691 964 745 non
1018 676 1128 744 est
1179 669 1291 743 sui
1333 669 1549 763 juris,
1601 673 1910 742 trassimi
1956 690 2175 762 sopra
2225 674 2449 761 quella
2490 679 2847 763 creatura,

507 792 777 866 scilicet
825 812 1091 886 papam
1151 789 1579 883 Adrianum,
1632 790 1761 884 qui
1820 810 1967 863 non
2032 796 2317 884 poterat
2375 791 2468 865 ad
2538 813 2658 867 me
2718 814 2847 867 ve-

509 915 688 1007 nire,
743 914 804 985 le
853 914 963 984 cui
999 913 1256 1003 parole
1282 914 1450 1003 pria
1484 918 1700 983 notar
1730 914 1827 983 mi
1851 915 2092 1003 senno,
2135 913 2428 1003 quando
2481 912 2847 1007 respondit

508 1033 827 1128 Virgilio,
880 1034 1199 1121 dicendo,
1252 1051 1426 1104 cum
1479 1032 1817 1105 exordio:
1856 1052 1899 1102 o
1944 1035 2192 1122 spirto,
2242 1035 2316 1103 in
2366 1036 2477 1105 cui
2515 1036 2844 1125 pianyer,

508 1153 715 1247 idest,
768 1155 1120 1247 planctuS,
1173 1158 1483 1242 matura,
1520 1151 1722 1244 idest,
1765 1150 2127 1225 accelerat
2169 1171 2338 1223 cum
2397 1153 2843 1246 maturitate,

509 1276 688 1364 quel,
739 1272 1033 1363 scilicet,
1084 1271 1407 1344 fructum
1461 1269 1930 1365 poenitentiae,
1981 1290 2209 1342 sanzo
2260 1273 2314 1342 il
2360 1274 2562 1362 quale
2612 1293 2660 1343 a
2709 1276 2846 1344 Dio

505 1401 759 1466 tornar
809 1413 948 1464 non
995 1394 1258 1482 puossi,
1310 1391 1482 1484 quia
1550 1390 1705 1464 sine
1755 1390 2235 1484 depuratione
2262 1383 2335 1482 (¹)
2403 1412 2548 1465 non
2610 1397 2844 1484 potest

503 1513 749 1587 anima
803 1510 1073 1585 reverti
1123 1510 1218 1584 ad
1269 1511 1567 1603 coelum,
1602 1517 1796 1582 sosta
1843 1530 1942 1582 zm
1981 1531 2162 1602 poco
2188 1532 2322 1602 per
2356 1532 2487 1601 me,
2523 1512 2725 1605 idest,
2773 1512 2843 1584 in

507 1634 836 1707 favorem
890 1651 1167 1723 meum,
1206 1637 1323 1703 tua
1359 1634 1685 1721 mayyior
1718 1651 1895 1702 cura
1906 1656 1935 1723 ,·
1971 1630 2179 1722 quasi
2216 1629 2443 1704 dicat:
2484 1631 2646 1705 licet
2681 1632 2842 1725 plus

506 1751 864 1828 cures-de
914 1751 1205 1846 planctu
1261 1771 1485 1843 quam
1537 1751 1629 1823 de
1682 1771 1828 1843 me,
1872 1771 2076 1846 roge,
2124 1770 2326 1825 cessa
2378 1751 2745 1824 modicum
2797 1772 2843 1825 a

507 1874 679 1948 fletu
734 1872 970 1968 gratia
1037 1872 1203 1963 mei,
1257 1871 1430 1963 quia
1482 1871 1541 1944 si
1608 1878 1688 1943 tu
1748 1892 2024 1967 purgas
2088 1871 2499 1964 avaritiam,
2560 1878 2634 1944 et
2702 1891 2843 1967 ego

505 2012 760 2086 quaero
814 1990 977 2064 totis
1029 1990 1305 2063 viribus
1356 1990 1617 2085 fugare
1666 2010 1835 2064 eam
1900 2010 1946 2063 a
2014 2011 2136 2064 me
2204 1997 2278 2064 et
2354 1992 2448 2064 ab
2522 1991 2699 2065 aliis.
2755 1992 2842 2064 Et

506 2111 853 2185 continuo
909 2110 1086 2204 petit
1139 2110 1299 2203 tria,
1353 2109 1632 2183 dicens:
1687 2112 1965 2199 dimme,
2026 2109 2230 2202 idest,
2291 2109 2404 2182 dic
2472 2110 2685 2182 mihi:
2738 2111 2845 2182 chi

499 2233 689 2324 sosti,
748 2231 905 2303 haec
968 2235 1078 2302 est
1128 2229 1363 2322 prima
1415 2230 1698 2322 petiti03
1750 2250 1788 2301 e
1826 2225 2088 2320 perche
2129 2237 2318 2304 avete
2370 2227 2533 2303 volti
2580 2234 2607 2302 i
2653 2232 2844 2303 dossi

504 2355 583 2422 al
613 2372 719 2441 su,
758 2356 1010 2423 contra
1064 2350 1375 2441 coelum3
1430 2357 1504 2422 et
1553 2348 1769 2422 tertio
1819 2348 2044 2443 petit:
2082 2348 2196 2422 dic
2244 2349 2442 2442 mihi,
2479 2371 2515 2421 e
2564 2371 2637 2421 se
2684 2352 2843 2421 vuoi

503 2472 603 2542 αι’
628 2472 698 2541 io
759 2471 804 2541 ι’
829 2470 1104 2559 impeiri
1164 2488 1344 2539 cosa
1393 2470 1469 2540 di
1526 2457 1623 2556 ld,
1686 2466 1758 2539 in
1821 2467 2100 2541 mundo
2159 2468 2525 2560 vivorum,
2584 2470 2841 2540 ond'io
2908 2471 2911 2474 ’

503 2591 793 2662 vivendo
845 2591 1081 2678 mossi,
1134 2587 1429 2681 quando
1479 2586 1815 2661 descendi
1868 2587 1963 2661 ad
2012 2587 2374 2662 infernum
2432 2609 2561 2682 per
2615 2609 2837 2682 quem

501 2709 647 2783 huc
699 2707 884 2782 veni.
926 2709 1009 2781 Et
1043 2707 1144 2781 sic
1185 2707 1350 2782 vide
1401 2706 1597 2800 quod
1650 2714 1862 2802 poeta
1916 2706 2083 2781 dicit
2134 2707 2476 2802 implicite
2527 2706 2840 2800 qualiter

503 2834 613 2902 est
661 2848 969 2902 securus
1018 2848 1063 2901 a
1105 2827 1439 2921 jacend0.
1468 2832 1682 2899 —Et
1736 2830 1870 2899 elli.
1902 2828 2131 2901 >Nunc
2195 2816 2413 2921 poeta
2474 2829 2670 2922 ponit
2724 2848 2841 2903 re-

502 2948 959 3043 sponsionem
1015 2946 1204 3018 illius
1253 2946 1545 3041 spiritus
1595 2947 1686 3019 ad
1740 2946 2067 3039 quaesita,
2104 2946 2229 3039 qui
2266 2946 2500 3041 primo
2538 2968 2838 3042 respon-

500 3066 622 3141 det
683 3066 939 3161 primae
1002 3064 1353 3160 petitioni,
1419 3073 1493 3139 et
1558 3066 1912 3160 promittit
1987 3086 2067 3140 se
2144 3087 2670 3162 responsurum
2738 3066 2829 3141 ad

499 3187 947 3279 secundam3
1001 3186 1197 3259 unde
1259 3184 1468 3259 dicit:
1524 3192 1611 3259 Et
1658 3189 1771 3259 elli
1819 3208 1869 3257 a
1919 3208 2050 3277 me,
2102 3188 2357 3281 supple
2423 3187 2833 3282 respondit:

497 3310 770 3398 saprai,
821 3304 1112 3398 scilicet,
1165 3305 1384 3399 paulo
1435 3312 1617 3399 post,
1659 3303 1923 3398 perche*
1949 3309 2001 3379 'l
2030 3310 2197 3380 cielo
2237 3311 2519 3399 rivolya
2557 3312 2583 3380 i
2617 3311 2839 3380 nostri

498 3428 769 3515 diram,
805 3425 1009 3518 idest,
1036 3425 1278 3518 dorsa,
1314 3447 1363 3497 a
1394 3447 1494 3517 se,
1531 3427 1784 3499 nolens
1815 3417 1888 3518 (²)
1928 3427 2126 3520 quod
2159 3428 2539 3502 videamus
2574 3429 2832 3523 ipsum.

495 3548 582 3619 Et
630 3545 972 3621 describit
1022 3566 1102 3620 se
1150 3566 1197 3621 a
1246 3546 1596 3641 dignitate
1646 3545 1932 3620 dicens:
1976 3567 2095 3619 ma
2117 3550 2387 3639 prima,
2422 3551 2616 3621 Sm'as
2652 3552 2839 3639 quod

496 3686 624 3756 eyo
649 3669 758 3758 sui
785 3686 1140 3738 successor
1172 3669 1390 3754 Petri,
1428 3665 1553 3738 sed
1590 3686 1734 3738 non
1769 3686 2050 3759 pauper
2101 3672 2183 3739 ut
2228 3667 2519 3761 Petrus;
2571 3666 2830 3741 deinde

496 3783 835 3858 describit
886 3804 965 3857 se
1013 3805 1059 3858 a
1107 3784 1481 3859 nobilitate
1530 3785 1841 3879 generis.
1909 3785 1997 3857 Et
2059 3782 2151 3857 ad
2212 3785 2647 3859 evidentiam
2715 3806 2833 3859 se-

497 3903 786 3998 quentis
836 3903 1065 3978 literae
1099 3902 1321 3978 debes
1351 3895 1422 3995 (³)
1462 3905 1670 3997 scire,
1714 3904 1913 3997 quod
1950 3904 2021 3976 in
2056 3904 2539 3998 MCCLxxlll,
2578 3904 2833 3980 Adria-

499 4045 635 4097 nus
685 4025 744 4097 V
796 4024 1089 4098 natione
1130 4024 1508 4119 januensis
1557 4026 1650 4099 de
1685 4024 1962 4098 famosa
1997 4030 2071 4098 et
2106 4025 2378 4119 potenti
2415 4026 2636 4099 domo
2670 4026 2834 4099 illo-

498 4166 664 4217 rum
700 4145 793 4219 de
825 4145 1076 4238 Flisco,
1113 4145 1238 4237 qui
1274 4145 1513 4239 primo
1548 4152 1854 4218 vocatus
1889 4151 2050 4218 erat
2081 4144 2522 4239 OctobonuS,
2553 4147 2830 4221 electus

495 4271 604 4338 est
636 4263 726 4337 ad
770 4271 1114 4358 papatum
1156 4270 1488 4358 tempore
1514 4264 1874 4359 Rodulphi
1902 4264 2113 4350 electi
2150 4264 2243 4338 ad
2278 4265 2667 4359 imperium
2706 4288 2832 4339 ro-

497 4406 909 4458 manorum.
963 4385 1161 4458 Sedit
1211 4385 1283 4458 in
1335 4385 1679 4458 cathedra
1733 4385 1931 4457 Petri
1994 4405 2144 4458 uno
2209 4406 2463 4460 mense
2527 4393 2601 4461 et
2663 4392 2831 4461 octo

615 4645 674 4707 (¹)
703 4644 765 4694 Ε.
798 4645 1174 4707 deprecatione.
1361 4643 1417 4708 (⁸)
1450 4646 1512 4695 E.
1546 4645 1726 4695 volens
1756 4646 1913 4709 quod.
2111 4645 2164 4706 (¹)
2196 4646 2256 4696 E.
2289 4645 2443 4697 debes
2475 4646 2644 4708 primo
2676 4646 2824 4695 scire.
