3704 5559
900 510 1041 575 452
1453 564 1459 571 .
1628 520 2033 576 COMENTUM
2084 522 2522 576 PURGATonu

895 983 1226 1053 CANTUS
1272 986 1651 1054 DECIMUS
1700 985 2138 1065 SEPTIMUS,
2173 986 2283 1052 abi
2308 993 2460 1069 post
2490 989 2770 1072 aliquam
2797 991 3098 1058 visionm
3130 991 3241 1057 de-

1051 1099 1319 1165 claravit
1357 1098 1666 1183 Virqt'lius
1709 1100 1925 1165 modos
1970 1099 2223 1176 amoriS,
2280 1104 2340 1164 et
2393 1106 2541 1183 quot
2590 1103 2795 1168 modis
2840 1105 3127 1169 nascitur
3166 1104 3243 1169 in

1047 1209 1308 1287 homine,
1356 1229 1430 1275 ac
1475 1210 1666 1274 etiam
1709 1209 1786 1274 de
1828 1229 1944 1274 suo
1990 1211 2337 1290 conbrario3
2393 1216 2453 1276 et
2502 1218 2649 1295 quot
2698 1214 2903 1279 modis
2954 1214 3242 1280 nascitur

1049 1321 1452 1399 contrariam,
1502 1326 1561 1387 et
1606 1326 1753 1404 quot
1784 1323 2083 1403 personis
2128 1323 2530 1389 committitur
2574 1324 2808 1390 crimen
2851 1324 2981 1391 hoc.

1035 1649 1583 1835 choamn,
1638 1746 1861 1834 lector,
1912 1765 1988 1817 se
2038 1746 2200 1817 mai.
2273 1745 2669 1838 Postquam
2735 1745 2807 1818 in
2874 1747 3232 1841 superiori

890 1866 1206 1963 capitulo
1265 1866 1601 1960 proxime
1661 1865 2101 1959 praecedenti
2164 1870 2379 1958 poeta
2439 1871 2689 1939 noster
2748 1867 3086 1941 tractavit
3160 1874 3236 1941 et

773 2063 778 2068 .
889 1986 1400 2061 determinavit
1459 1985 1549 2058 de
1606 1985 1935 2080 generali
2001 1985 2439 2080 purgatione
2503 1985 2653 2076 irae‚
2721 2006 2917 2059 nunc
2979 2006 3234 2060 conse-

888 2112 1202 2199 quenter
1253 2106 1402 2200 agit
1430 2099 1504 2197 (¹)
1558 2112 1631 2178 et
1681 2111 1944 2179 tractat
1995 2105 2085 2180 de
2138 2105 2355 2179 modo
2408 2112 2483 2179 et
2534 2105 2860 2180 remedio
2912 2127 3061 2200 quo
3110 2125 3235 2180 re-

889 2225 1243 2298 sraenatur
1303 2225 1412 2298 ira
1463 2225 1894 2318 impetuosa,
1951 2232 2025 2298 et
2063 2217 2135 2316 (2)
2191 2225 2600 2321 ingreditur
2663 2232 3057 2299 tractatum
3112 2245 3235 2299 ac-

888 2344 1126 2438 cidiae,
1160 2360 1162 2363 ’
1197 2364 1362 2438 quae
1439 2343 1742 2438 punitur
1813 2345 1889 2418 in
1958 2351 2222 2439 quarto
2293 2345 2566 2421 circulo
2643 2345 3069 2441 purgatorii.
3147 2347 3235 2419 Et

886 2484 1207 2560 praesens
1259 2463 1661 2559 capitulum
1714 2463 2037 2538 breviter
2088 2471 2325 2559 potest
2373 2465 2589 2539 dividi
2648 2465 2721 2537 in
2782 2471 2931 2539 tres
2988 2470 3232 2559 partes

886 2584 1308 2682 generales3
1362 2584 1435 2656 in
1487 2583 1722 2678 prima
1776 2606 2096 2678 quarum
2159 2591 2374 2679 poeta
2436 2585 2646 2658 docet
2709 2584 3023 2658 sraenum
3076 2584 3227 2658 irae.

886 2708 966 2778 ln
1018 2705 1335 2779 secunda
1389 2703 1700 2778 ostendit
1741 2703 2056 2798 qualiter
2090 2703 2313 2777 suerit
2356 2702 2751 2777 mundatus
2785 2725 2829 2777 a
2866 2704 3040 2778 vitio
3075 2704 3226 2796 irae,

885 2834 959 2901 et
1009 2827 1327 2901 directus
1378 2826 1471 2900 ad
1523 2832 1874 2920 quartum
1929 2826 2288 2900 circulum
2324 2825 2617 2898 accidiae
2656 2845 2788 2919 per
2826 2848 3057 2899 unum
3094 2846 3229 2899 an-

882 2948 1135 3043 gelum
1187 2955 1662 3042 apparentem
1726 2946 1880 3040 sihi,
1943 2946 2078 3020 ibi:
2147 2951 2352 3019 Come
2407 2949 2470 3017 si
2521 2949 2802 3038 franqe.
2868 2948 2947 3019 In
3016 2947 3229 3022 tertia

881 3074 1097 3162 poeta
1147 3073 1595 3141 tractaturus
1656 3067 1748 3139 de
1806 3066 2102 3160 accidia,
2155 3065 2514 3139 subtiliter
2574 3066 2961 3163 investigat
3035 3067 3228 3141 unde

878 3185 1032 3280 ipsa
1084 3185 1355 3260 accidia
1407 3186 1674 3259 habeat
1724 3193 1998 3278 ortum,
2053 3193 2127 3258 et
2178 3192 2444 3259 caetera
2479 3184 2653 3260 vitia
2695 3186 3046 3280 capitalia,
3082 3186 3216 3258 ibi:

882 3309 1018 3377 Noi
1068 3326 1380 3376 eravam.
1434 3303 1542 3377 Ad
1593 3305 1908 3399 primam
1961 3305 2262 3379 veniens
2312 3306 2472 3379 dico
2525 3304 2720 3398 quod
2755 3313 2968 3400 poeta
3009 3304 3225 3379 docet

882 3423 1280 3497 resraenare
1346 3424 1575 3517 iram3
1646 3425 1773 3498 sed
1838 3423 2074 3518 primo
2138 3425 2573 3499 continuans
2641 3424 2831 3502 dicta
2903 3424 3225 3500 dicendis

877 3542 1272 3639 praemittit,
1321 3543 1693 3637 quomodo
1744 3545 1850 3619 sol
1905 3545 1979 3617 in
2030 3565 2294 3619 occasu
2350 3544 2687 3639 apparuit
2736 3544 2870 3618 sibi
2921 3546 3221 3620 exeunti

875 3666 968 3741 de
1002 3664 1322 3739 nubibus
1356 3666 1884 3739 iracundorum
1923 3686 2055 3760 per
2090 3686 2317 3739 unam
2347 3666 2970 3761 comparationem
3012 3666 3224 3740 valde

874 3807 1294 3861 consonam.
1350 3787 1439 3859 Et
1487 3784 1781 3860 videtur
1819 3785 2066 3860 dicere
2107 3784 2665 3860 sententialiter:
2703 3784 2811 3859 vis
2853 3792 2928 3858 tu
2971 3784 3223 3860 videre

875 3908 1074 3981 clare
1126 3907 1442 4000 qualiter
1492 3906 1685 3980 exivi
1737 3905 2029 3979 sumum
2081 3906 2303 3978 istum
2357 3905 2854 3998 tenebrosum,
2909 3911 2984 3979 et
3045 3925 3220 4000 per—

875 4027 1042 4100 veni
1092 4026 1186 4100 ad
1236 4047 1489 4101 aerem
1542 4025 2046 4098 luminosum?
2097 4022 2510 4120 Imaginare
2573 4024 2631 4097 si
2697 4025 3091 4118 aliquando
3143 4025 3220 4098 in

874 4147 1182 4223 transitu
1235 4147 1522 4240 Alpium
1556 4136 1630 4237 (³)
1686 4145 1933 4238 aliqua
1997 4145 2263 4218 nebula
2328 4143 2595 4220 velavit
2647 4144 2771 4218 tibi
2825 4144 3089 4239 visum,
3144 4152 3219 4219 et

870 4266 1091 4362 paulo
1124 4273 1308 4360 post,
1336 4266 1488 4339 sole
1522 4265 1872 4360 paulatim
1915 4264 2417 4359 rarefaciente‚
2454 4264 2731 4361 coepisti
2771 4285 3219 4360 recuperare

872 4386 1112 4460 visum
1166 4385 1496 4460 debiliter
1525 4374 1626 4479 (⁴),
1680 4392 1755 4461 et
1805 4385 2057 4460 videre
2108 4384 2293 4459 sicut
2346 4385 2463 4459 illa
2514 4385 2816 4459 bestiola
2869 4407 3036 4478 quae
3087 4406 3221 4459 vo-

995 4571 1051 4635 (¹)
1088 4577 1194 4631 11⁷,
1229 4573 1281 4622 in
1315 4574 1415 4624 isto
1448 4574 1676 4637 capitulo
1710 4573 1860 4625 xvn
1892 4574 1997 4638 agit
2026 4577 2096 4623 et.
2344 4569 2401 4635 (¹)
2436 4572 2497 4621 Ε.
2530 4586 2652 4623 cum
2684 4573 2990 4637 ingreditur.

995 4650 1047 4713 (⁸)
1083 4655 1190 4709 ¹¹⁷,
1225 4648 1390 4714 Alpis·
2349 4648 2403 4713 (⁸)
2436 4651 2501 4709 Ε.,
2531 4651 2854 4702 debilitatum
2885 4655 2955 4701 et.
