3704 5559
1212 536 1488 590 cnm-us
1544 537 1859 591 uncinus
1911 538 2234 591 Tannus,
2750 528 2890 594 355

544 691 811 759 verunt
862 683 983 774 ibi,
1036 689 1111 756 et
1163 681 1297 755 fuit
1347 683 1522 756 illud
1575 682 1888 758 verbum
1927 682 2125 776 quod
2176 683 2356 759 dixit
2405 683 2621 758 beata
2681 685 2890 780 virgo

543 805 614 877 in
677 803 944 897 nuptiis
1011 802 1325 876 Galilaeae
1366 823 1534 877 cum
1588 802 1934 878 deficeret
1985 804 2238 876 vinum
2295 805 2884 898 convivantibus3

541 923 708 997 dicit
759 943 975 1018 ergo:
1031 927 1134 995 La
1178 926 1417 1014 prima
1469 944 1632 995 voce
1680 926 1799 995 che
1836 915 2060 1014 pas-sd
2109 926 2441 1013 volandO,
2495 945 2642 997 non
2680 925 2891 998 intel·-

544 1042 725 1138 ligas
776 1043 973 1135 quod
1026 1043 1142 1116 hic
1193 1051 1385 1116 esset
1435 1043 1728 1136 spiritus
1780 1042 1997 1116 realis
2057 1042 2182 1136 qui
2247 1043 2701 1138 loqueretur,
2764 1046 2891 1119 sed

549 1161 841 1257 spiritus
891 1162 1162 1236 vocalis
1212 1162 1531 1236 insonuit
1581 1162 1888 1236 auribus
1941 1161 2203 1235 mentis
2254 1148 2433 1254 suae,
2476 1166 2658 1236 disse
2706 1168 2890 1237 alta-

551 1289 793 1373 mente,
848 1290 931 1355 ut
997 1284 1188 1357 bene
1238 1283 1656 1378 perveniret
1719 1282 1810 1355 ad
1868 1282 2204 1356 auditum
2254 1283 2581 1356 autoris:
2652 1287 2893 1357 Vinum

547 1422 689 1474 non
738 1403 1037 1496 haberem
1108 1409 1182 1477 et
1235 1408 1316 1474 ut
1376 1401 1566 1476 bene
1631 1401 2183 1496 imprimeretur
2250 1402 2476 1477 menti
2538 1403 2699 1477 eius
2758 1405 2892 1478 ista

550 1523 821 1618 optima
861 1544 1043 1625 —v0x‚
1095 1523 1301 1597 dicit:
1338 1545 1375 1594 e
1425 1526 1469 1595 l'
1496 1514 1685 1594 ands)
1735 1524 2165 1613 reiteranda,
2218 1522 2425 1616 idest,
2472 1525 2889 1619 repetend0,

549 1645 771 1715 dietro
821 1665 868 1715 a
919 1646 1040 1716 noi
1057 1669 1089 1734 ,·
1139 1642 1312 1736 quia
1348 1642 1544 1715 enim
1581 1662 1725 1714 vox
1763 1640 2101 1716 veniebat
2134 1662 2393 1715 versus
2427 1649 2719 1737 poetam
2760 1665 2892 1718 vo·-

550 1762 765 1836 lando
815 1762 1292 1854 velocissime,
1344 1767 1417 1835 et
1468 1761 1620 1855 ipse
1673 1760 1820 1834 ibat
1882 1761 2471 1856 promptissime3
2523 1762 2686 1837 ideo
2747 1764 2890 1838 cito

551 1882 986 1956 transiverat
1035 1902 1213 1955 eum
1264 1888 1340 1956 et
1387 1881 1827 1955 audiebatur
1870 1888 2032 1975 post
2084 1887 2380 1978 tergum
2434 1883 2614 1957 eius.
2668 1885 2756 1957 Et
2806 1891 2893 1957 ut

548 2002 793 2076 videas
843 2009 1206 2096 quantum
1259 2002 1397 2075 ista
1448 2021 1594 2074 vox
1648 2001 1861 2075 saciat
1895 2001 1987 2074 ad
2038 2003 2491 2095 propositum
2545 2002 2683 2096 hic,
2721 2011 2892 2078 nota

551 2121 745 2214 quod
777 2115 848 2213 (¹)
887 2121 1110 2195 Maria
1149 2140 1294 2194 non
1329 2120 1517 2213 fecit,
1556 2120 1742 2194 sicut
1777 2122 2272 2196 communiter
2308 2122 2582 2196 faciunt
2630 2124 2894 2199 mulie—

555 2261 672 2316 res
723 2241 795 2315 in
849 2241 1113 2335 nuptiis
1166 2248 1238 2316 et
1289 2241 1682 2334 conviviis3
1736 2262 1904 2335 quae
1958 2242 2129 2334 quia
2192 2242 2405 2315 nimis
2456 2250 2709 2317 amant
2760 2245 2896 2319 ho·

557 2382 812 2435 norem
864 2360 1177 2456 propriae
1212 2361 1659 2435 excellentiae
1696 2360 2086 2434 liventibus
2119 2362 2350 2435 oculis
2393 2363 2789 2456 respiciunt
2817 2355 2893 2456 (¹)

553 2481 1115 2576 pulcritudinem
1180 2487 1253 2555 et
1312 2488 1658 2555 ornatum
1722 2481 2077 2574 aliarum3
2150 2488 2224 2555 et
2286 2502 2380 2555 ex
2440 2482 2703 2557 invidia
2765 2484 2896 2559 de—

553 2602 850 2674 trahunt
901 2600 1351 2675 excellentiae
1401 2600 1739 2694 aliarum,
1791 2600 2273 2695 quia-vulpes
2324 2609 2525 2675 amat
2577 2602 2893 2697 fraudes,

553 2720 782 2815 lupus
818 2741 1120 2816 agnum,
1158 2719 1455 2795 foemina
1491 2719 1784 2814 laudes3
1821 2720 1948 2795 sed
1985 2721 2141 2796 haec
2175 2722 2329 2796 sola
2366 2722 2892 2817 perfectissima

553 2840 819 2913 mulier
869 2860 1038 2933 quae
1103 2841 1411 2915 redemit
1477 2840 1795 2915 dedecus
1862 2841 2333 2914 foeminarum
2406 2863 2551 2915 non
2619 2841 2895 2916 notavit

553 2959 799 3032 cultus
824 2959 1092 3052 quibus
1116 2959 1496 3053 invideret,
1525 2959 1651 3033 sed
1676 2960 2227 3034 incommodum
2257 2962 2742 3036 convivarum
2771 2963 2889 3037 cui

551 3098 930 3173 compassa
981 3085 1116 3173 est,
1165 3086 1242 3153 et
1290 3079 1639 3154 continuo
1690 3080 2059 3154 succurrit
2107 3081 2484 3156 caritative
2533 3104 2665 3177 per
2716 3103 2895 3157 con-

553 3198 862 3274 trarium
916 3199 1221 3273 invidiae.
1264 3199 1456 3275 Non
1487 3220 1667 3296 ergo
1718 3201 2085 3275 tristatum
2131 3209 2242 3276 est
2280 3222 2410 3277 cor
2459 3203 2618 3276 eius
2670 3223 2893 3298 super

554 3319 936 3394 festivitate
969 3319 1294 3416 nuptiali,
1327 3321 1454 3395 sed
1493 3321 1732 3415 potius
1767 3322 2156 3398 laetificavit
2190 3344 2320 3397 cor
2354 3324 2687 3398 omnium
2724 3326 2895 3400 vino

551 3442 826 3537 optimo
876 3441 1207 3516 omnium
1262 3442 1629 3516 vinorum.
1660 3483 1759 3495 —
1784 3449 1850 3515 E
1886 3448 2150 3536 pm'ma.
2193 3444 2323 3519 Hic
2365 3453 2579 3539 poeta
2620 3446 2897 3521 descri-

553 3561 657 3635 bit
716 3561 1114 3637 secundam
1184 3582 1445 3636 vocem
1517 3583 1741 3656 quam
1805 3562 1975 3638 dicit
2032 3563 2253 3638 fuisse
2313 3564 2605 3639 Orestis.
2668 3566 2755 3639 Et
2803 3566 2898 3641 ad

553 3679 1098 3776 intelligentiam
1149 3679 1359 3758 istius
1411 3682 1663 3777 literae,
1700 3704 1869 3776 quae
1908 3683 2197 3757 videtur
2249 3684 2457 3757 valde
2507 3684 2753 3779 dubia,
2788 3692 2897 3760 est

555 3798 929 3873 sciendum
984 3801 1181 3893 quod
1231 3801 1458 3895 aliqui
1517 3801 1767 3876 dicunt
1814 3802 1932 3876 hic
1985 3802 2181 3895 quod
2232 3802 2524 3877 Orestes
2593 3803 2726 3878 fuit
2783 3804 2898 3877 in-

555 3918 787 4013 viduS,
839 3920 963 3994 sed
1016 3921 1258 3996 nescio
1311 3921 1563 3997 videre
1612 3921 1772 3995 eius
1822 3920 2214 4015 invidiam3
2266 3929 2341 3996 et
2407 3921 2636 4015 posito
2697 3923 2896 4017 quod

552 4038 803 4114 fuisset
852 4040 1164 4136 inviduS‚
1216 4063 1360 4116 non
1415 4042 1707 4137 ponitur
1759 4042 1878 4115 hic
1927 4062 2071 4115 vox
2123 4041 2283 4116 eius
2332 4049 2712 4136 tamquam
2749 4044 2896 4138 spi-

551 4157 737 4233 ritus
796 4160 1040 4256 invidi,
1110 4169 1272 4256 tum
1336 4164 1531 4257 quia,
1584 4173 1668 4240 ut
1717 4164 1876 4257 jam
1942 4162 2219 4237 dictum
2280 4161 2415 4256 est,
2468 4162 2625 4240 istae
2676 4184 2894 4241 voces

549 4278 951 4354 invitabant
1012 4282 1106 4356 ad
1172 4303 1508 4359 amorem
1579 4282 1921 4377 caritatiS,
1976 4289 2137 4355 tum
2204 4282 2402 4379 quia,
2465 4290 2550 4358 ut
2610 4283 2896 4361 dicetur

547 4399 770 4494 paulo
819 4408 1002 4495 post,
1055 4401 1149 4477 de
1197 4401 1429 4477 fraeno
1493 4403 1779 4476 invidiae
1832 4408 2192 4477 tractatur
2251 4402 2323 4476 in
2378 4405 2714 4498 sequenti
2752 4425 2897 4490 ⁴ca-

673 4585 730 4650 (¹)
764 4587 824 4638 B.
856 4589 996 4652 quod
1031 4588 1192 4653 Virgo
1223 4590 1391 4642 Maria
1422 4591 1786 4655 pretiosissima
1819 4605 1924 4641 non
1958 4591 2083 4650 fecit
2111 4592 2247 4642 sicut
2281 4592 2477 4642 faciunt
2508 4590 2771 4643 mulieres.

674 4663 731 4727 (¹)
763 4664 823 4714 Β.
856 4666 1196 4729 prospiciunt.
