3704 5559
834 469 973 535 162
1557 477 1965 532 COMENTUM
2015 477 2454 531 PURGATonu

831 624 1131 719 regione
1199 623 1416 716 aeris,
1469 626 1626 715 quel
1680 643 1909 714 vapor
1967 624 2231 713 umidO,
2295 621 2501 714 idest,
2562 641 2884 717 grossuS,
2944 624 3064 694 che
3103 624 3172 693 'n

831 766 1059 836 acqua
1108 748 1326 836 riede,
1361 744 1566 837 idest,
1606 743 2023 836 resolvitur,
2062 749 2248 815 tosto.
2269 744 2390 814 clae
2411 745 2462 815 ’l
2492 745 2665 834 sale,
2702 741 2908 835 idest,
2949 762 3174 836 quam

826 865 970 939 cito
1021 865 1365 959 ascendit,
1418 867 1594 938 dove
1640 866 1898 958 sreddo
1961 868 2016 936 il
2072 867 2317 954 coqlie,
2368 862 2575 956 idest,
2625 863 2718 936 ad
2779 863 3175 937 secundam

830 985 1208 1081 regionem
1261 984 1455 1060 aeris
1509 984 1886 1082 frigidam3
1941 985 2040 1057 ita
2093 1004 2291 1057 nunc
2352 982 2676 1078 Angelus
2740 984 2979 1057 malus
3044 1004 3179 1057 sua

829 1117 993 1181 arte
1044 1107 1211 1181 fecit
1262 1128 1487 1180 unam
1540 1105 1867 1201 pluviam
1930 1104 2458 1197 innaturalem3
2512 1103 2711 1178 unde
2771 1102 2979 1177 dicit:
3034 1107 3192 1196 quel

834 1231 985 1299 mal
1029 1231 1248 1316 voler,
1289 1227 1579 1320 scilicet,
1633 1225 2024 1321 praedictus
2074 1226 2391 1318 daemon,
2425 1229 2544 1296 che
2570 1247 2712 1317 pur
2763 1228 2912 1297 mal
2955 1226 3185 1298 chiede

835 1368 969 1419 con
1019 1349 1064 1417 Γ
1087 1349 1430 1438 intellelm,
1485 1346 1687 1439 idest,
1741 1345 1870 1439 qui
1922 1365 2215 1439 semper
2266 1345 2531 1437 quaerit
2591 1345 2836 1420 facere
2897 1343 3178 1419 malum

836 1486 1011 1539 cum
1064 1466 1432 1539 intellectu
1486 1486 1624 1539 suo
1676 1465 1943 1562 sagaci,
1987 1464 2160 1559 quia
2214 1463 2313 1540 ita
2365 1475 2475 1540 est
2524 1464 2951 1558 obstinatuS,
2987 1463 3184 1558 quod

837 1607 1219 1680 nunquam
1274 1592 1510 1681 potest
1562 1586 1751 1660 velle
1790 1585 1927 1659 nisi
1963 1585 2268 1678 malum,
2305 1585 2494 1659 sicut
2535 1585 2773 1658 bonus
2802 1578 2900 1679 (¹),
2942 1590 3050 1659 est
3085 1586 3184 1657 ita

838 1704 1337 1799 confirmatuS,
1391 1705 1587 1800 quod
1640 1725 2024 1799 nunquam
2055 1696 2127 1797 (²)
2181 1711 2418 1799 potest
2454 1705 2643 1779 velle
2689 1704 2824 1777 nisi
2873 1705 3178 1798 bonum,

836 1829 1079 1918 yiunse
1135 1849 1172 1898 e
1234 1848 1458 1899 mosse
1518 1829 1574 1898 il
1621 1830 1845 1919 sumo,
1913 1826 2119 1920 idest,
2179 1825 2568 1900 concitavit
2628 1825 2997 1917 nebulam,
3062 1845 3101 1896 e
3139 1826 3191 1897 ’l

839 1954 1082 2039 vento,·
1136 1954 1211 2019 et
1260 1965 1434 2019 ecce
1484 1946 1858 2039 quomodo
1909 1947 2144 2040 potuit
2195 1947 2333 2019 hoc
2375 1946 2646 2037 facere,
2681 1967 2818 2038 per
2868 1948 2941 2017 la
2993 1938 3192 2017 vertit

838 2067 957 2138 che
1014 2086 1145 2137 sua
1205 2072 1466 2137 natura
1526 2067 1747 2155 diede,
1826 2065 2001 2159 quia
2054 2066 2218 2139 licet
2281 2066 2603 2161 Angelus
2670 2066 2909 2139 malus
2974 2063 3195 2138 fuerit

842 2183 1171 2279 privatus
1236 2184 1473 2279 gratia
1541 2185 1839 2258 retinuit
1904 2193 2151 2258 tamen
2210 2186 2585 2259 scientiam
2650 2193 2725 2259 et
2792 2184 3190 2280 potentiam

845 2304 1285 2397 naturalem,
1338 2304 1438 2377 ita
1507 2305 1704 2397 quod
1774 2313 2011 2399 potest
2074 2305 2373 2379 faciliter
2434 2326 2739 2379 movere
2803 2325 3056 2379 aerem
3119 2309 3193 2378 et

844 2445 1143 2518 aquam,
1186 2429 1258 2499 et
1313 2423 1616 2497 turbare
1650 2425 1791 2498 alia
1827 2426 2215 2500 elementa.
2252 2427 2340 2499 Et
2372 2425 2489 2500 hic
2523 2432 2696 2499 nota
2736 2425 2933 2519 quod
2974 2430 3191 2519 poeta

846 2551 1096 2618 noster
1160 2545 1327 2619 data
1387 2565 1613 2638 opera
1676 2545 1841 2619 fecit
1913 2545 2030 2619 hic
2094 2546 2302 2619 istam
2371 2545 2734 2619 fictionem
2795 2542 2888 2618 de
2948 2542 3193 2637 pluvia

847 2684 1071 2757 quam
1127 2663 1468 2738 excitavit
1527 2665 1841 2758 daemon,
1898 2674 1981 2738 ut
2042 2672 2332 2739 notaret
2390 2666 2664 2759 aliquid
2723 2665 2814 2740 de
2873 2662 3195 2759 potentia

846 2782 1222 2877 daemonis,
1272 2785 1365 2858 de
1414 2807 1561 2879 qua
1613 2785 2067 2881 Augustinus
2119 2788 2353 2860 multa
2412 2785 2681 2880 scribit,
2734 2795 2810 2861 et
2857 2785 3199 2858 Albertus

846 2925 1161 3000 magnus
1210 2905 1285 2977 in
1335 2926 1471 2979 suo
1523 2907 1765 2980 libello
1816 2907 1909 2980 de
1960 2907 2280 3000 potentia
2315 2906 2687 2980 daemoniS.
2719 2945 2818 2959 —-
2843 2909 3025 2980 Indi.
3069 2905 3199 2978 Hic

847 3026 1319 3118 prosequitur
1369 3027 1758 3101 materiam
1806 3026 2222 3101 inchoatam
2275 3027 2367 3100 de
2418 3027 2689 3122 pluvia,
2726 3034 2798 3101 et
2836 3028 2995 3102 vult
3027 3028 3201 3101 bre-

847 3142 1035 3216 viter
1086 3145 1331 3219 dicere
1394 3146 1593 3239 quod
1657 3148 1947 3220 daemon
2014 3147 2181 3221 fecit
2252 3167 2599 3242 magnam
2665 3147 3037 3240 nebulam,
3102 3167 3198 3220 ex

851 3283 1000 3354 qua
1052 3284 1321 3359 magna
1374 3266 1619 3360 pluvia
1673 3273 1845 3340 nata
1895 3273 2046 3360 est;
2091 3266 2188 3340 ita
2234 3266 2430 3361 quod
2482 3287 2678 3360 aqua
2731 3285 3001 3361 magno
3052 3265 3198 3338 im-

852 3387 1027 3474 petu
1079 3380 1389 3457 detrusit
1438 3405 1705 3480 corpus
1756 3386 2145 3459 Boncontis
2196 3386 2271 3458 in
2321 3386 2628 3479 Arnum,
2666 3385 2791 3459 ubi
2827 3385 3197 3479 sepultum

853 3499 989 3573 suit
1039 3501 1177 3574 sub
1227 3503 1500 3598 glarea.
1553 3504 1915 3579 Construe
1949 3506 2050 3579 sic
2083 3505 2399 3600 literam,
2442 3525 2610 3599 quae
2655 3505 2945 3579 videtur
2988 3504 3199 3579 valde

855 3621 1229 3695 intricata:
1284 3627 1470 3713 Indi,
1524 3625 1727 3719 idest,
1780 3626 2041 3700 deinde
2093 3626 2211 3700 ille
2244 3627 2556 3720 daemon,
2593 3647 2874 3718 coperse
2908 3629 2982 3698 la
3022 3627 3200 3698 valle

856 3742 932 3814 di
981 3742 1225 3814 nebbia
1275 3746 1351 3815 al
1395 3766 1587 3835 ‚qran
1618 3748 1858 3838 yioqo,
1896 3746 2097 3840 idest,
2134 3767 2374 3841 usque
2407 3746 2498 3820 ad
2533 3747 2994 3841 Apenninum
3027 3772 3047 3841 3
3084 3747 3200 3822 vel

855 3861 1263 3935 secundum
1315 3863 1532 3937 aliam
1587 3865 1916 3938 literam:
1967 3869 2040 3938 la
2090 3869 2270 3939 valle
2318 3888 2602 3959 coperse
2650 3870 2707 3940 il
2747 3889 2942 3959 qran
2989 3871 3202 3958 yioyo

854 3985 930 4056 di
977 3984 1246 4076 nebbia,
1300 3984 1398 4058 ita
1452 3985 1648 4079 quod
1700 3986 1968 4060 nebula
2019 3986 2313 4082 incoepit
2373 4010 2419 4062 a
2483 3988 2674 4062 valle
2733 3994 2808 4062 et
2869 3987 3202 4083 pervenit

853 4100 946 4174 ad
998 4110 1347 4178 montem.
1401 4104 1606 4178 Unde
1658 4112 1831 4179 nota
1882 4106 1997 4179 hic
2041 4106 2237 4198 quod
2276 4107 2570 4201 quando
2605 4106 2874 4183 nebula
2910 4128 2955 4181 a
2992 4128 3204 4181 mon-

854 4220 1047 4292 tibus
1097 4222 1466 4296 descendit
1516 4224 1588 4296 in
1641 4225 1867 4299 valles
1917 4224 2182 4300 indicat
2233 4227 2754 4320 serenitatem3
2797 4232 2871 4301 et
2930 4246 2975 4301 e
3025 4247 3204 4302 con-

853 4358 1071 4413 verso
1139 4342 1493 4436 significat
1556 4343 1906 4436 pluviam,
1966 4344 2154 4420 sicut
2212 4345 2364 4440 hic,
2420 4347 2618 4441 quod
2686 4347 2796 4421 his
2866 4347 3203 4422 versibus

982 4605 1035 4665 (¹)
1071 4610 1178 4668 117,
1212 4607 1379 4659 bonus
1409 4609 1659 4674 Angelus.
2162 4613 2217 4675 (¹)
2253 4579 2661 4678 1¹7,‘nunquam
2691 4612 2851 4664 vellet
2885 4611 2999 4664 nini.
