3704 5559
864 482 1004 549 318
1454 528 1459 532 -
1579 494 1987 549 coMENTUM
2038 494 2474 548 PURGATonn
2572 540 2577 545 .

864 647 936 716 et
986 641 1175 734 dicit,
1229 639 1424 733 quod
1479 639 1604 733 qui
1646 640 1948 713 dederat
1997 660 2185 732 eam,
2228 639 2469 712 aufert
2520 659 2710 731 eam,
2749 639 3020 712 scilicet
3075 638 3204 731 sol,

727 817 730 820 .
864 762 1058 834 unde
1107 761 1319 834 dicit:
1375 781 1411 832 e
1460 763 1615 852 quei
1678 762 1791 832 sol
1845 781 1978 851 per
2026 763 2136 832 cui
2185 762 2339 851 ella,
2395 759 2688 850 scilicet,
2741 758 2962 851 fama,
3015 763 3208 830 tam-

863 902 1084 973 quam
1117 881 1366 973 herba,
1394 872 1582 952 nscio
1609 879 1866 951 acerba
1891 882 2073 952 della
2102 888 2323 968 terra,
2353 879 2554 971 idest,
2585 884 2753 952 nata
2780 884 2889 951 est
2917 878 3204 969 tenella,

865 1000 1188 1073 nondum
1240 1004 1553 1091 matura,
1598 1001 1671 1070 la
1718 1001 2098 1088 discolora,
2151 998 2355 1092 idest,
2408 999 2650 1072 aufert
2700 998 2833 1071 sibi
2887 997 3208 1069 viridita-

865 1127 1037 1192 tem.
1104 1119 1190 1190 Et
1246 1118 1434 1192 bene
1492 1118 1841 1191 assimilat
1895 1118 2163 1191 famam
2221 1119 2491 1210 herbae,
2529 1138 2696 1212 quae
2731 1118 3004 1192 virtute
3039 1116 3208 1190 solis

867 1247 1199 1333 tempore
1247 1238 1464 1332 primi
1518 1238 1710 1311 veris
1762 1237 2141 1333 egreditur
2191 1239 2454 1311 acerba
2509 1259 2601 1312 ex
2653 1243 2901 1331 terra3
2954 1241 3204 1330 postea

866 1379 1213 1454 processu
1267 1358 1616 1452 temporis
1659 1359 1977 1432 caliditas
2027 1358 2375 1451 temporis
2403 1349 2475 1449 (¹)
2522 1358 2918 1433 crescendo
2968 1357 3215 1430 disco·-

868 1480 1077 1571 lorat,
1115 1484 1189 1551 et
1221 1479 1536 1552 exsiccat
1587 1500 1776 1571 eam,
1831 1479 2016 1552 sicut
2068 1484 2261 1572 patet
2312 1479 2384 1550 in
2438 1479 2842 1571 messibus,
2881 1478 2977 1551 ita
3014 1476 3221 1551 fama-

869 1600 1215 1689 humana,
1270 1618 1438 1690 quae
1491 1619 1636 1671 non
1688 1599 1908 1671 habet
1961 1598 2277 1671 radicem
2333 1598 2689 1691 stabilem,
2733 1596 3082 1692 paulatim
3136 1596 3225 1669 in·

867 1725 1201 1810 tempore
1256 1723 1585 1790 mutatur
1645 1722 1717 1790 et
1783 1717 2046 1789 amittit
2096 1717 2557 1791 viriditatem.
2621 1718 2708 1789 Et
2765 1719 2862 1790 ita
2923 1716 3215 1790 videtur·

868 1838 1114 1911 dicere
1166 1835 1360 1929 quod
1414 1844 1702 1931 tempus
1752 1842 1863 1910 est
1914 1835 2087 1909 illud
2141 1837 2334 1930 quod
2388 1837 2510 1911 dat
2570 1844 2642 1912 et
2700 1838 2880 1910 tollit
2939 1837 3211 1911 famam

870 1957 1166 2030 homini.
1234 1956 1401 2029 ldeo
1482 1963 1671 2049 nota,
1742 1955 1940 2049 quod
2008 1957 2239 2053 gloria
2311 1959 2633 2031 bumana
2699 1964 2809 2031 est
2873 1956 3223 2050 quaedam.

876 2076 1139 2148 umbra
1193 2076 1307 2148 vel
1356 2097 1541 2149 aura
1596 2076 1924 2169 volatilis,
1978 2097 2201 2169 quam
2267 2077 2391 2169 qui
2445 2076 2619 2150 dant
2673 2076 3004 2149 homines
3066 2075 3219 2150 eri-

874 2196 1080 2288 piunt
1131 2195 1201 2267 in
1255 2201 1624 2288 tempore;
1681 2196 1876 2270 unde
1938 2217 2131 2289 saepe
2194 2196 2552 2291 videmuS,
2618 2195 2814 2290 quod
2868 2195 2993 2289 qui
3056 2201 3223 2271 erat

874 2315 1233 2409 gloriosus
1285 2315 1441 2388 heri
1496 2315 1708 2389 hodie
1760 2321 1869 2389 est
1921 2315 2464 2411 ignominiosus.
2519 2315 2837 2389 Stultum
2891 2336 3072 2412 ergo
3108 2321 3218 2389 est

874 2454 1149 2527 ponere
1199 2454 1399 2528 spem
1456 2434 1527 2506 in
1578 2435 1902 2528 deposito
1963 2435 2158 2527 quod
2236 2436 2590 2510 locaveris
2650 2456 2872 2530 penes
2922 2433 3219 2509 instabi-

876 2554 1019 2626 lem
1074 2559 1147 2626 et
1197 2553 1581 2649 pertidum,
1637 2555 1809 2647 quia
1871 2556 2182 2648 populus
2243 2560 2353 2628 est
2415 2555 2908 2648 iniquissimus
2957 2554 3215 2650 judex,

877 2678 949 2746 et
983 2693 1073 2747 ex
1114 2673 1473 2767 manibus,
1501 2673 1650 2746 imo
1694 2673 1957 2768 linguis
1993 2674 2175 2767 eius,
2204 2674 2518 2767 pendent
2555 2675 2769 2747 famae
2804 2674 3209 2747 hominum.

875 2793 960 2864 Et
1011 2798 1259 2866 tamen
1311 2794 1508 2865 nulla
1552 2800 1662 2867 est
1695 2799 1894 2866 tanta
1930 2794 2298 2866 humilitas
2343 2815 2508 2887 quae
2548 2794 2930 2869 dulcedine
2964 2793 3217 2890 glorioe

878 2933 1021 2985 non
1081 2918 1447 3007 tangatur.
1510 2912 1715 2986 Unde
1765 2912 2087 2985 Tullius:
2144 2913 2261 2987 vix
2326 2914 2695 2988 invenitur
2754 2911 3038 3007 aliquiS,
3089 2913 3220 3007 qui

877 3032 1226 3124 susceptis
1279 3031 1650 3104 laboribus
1701 3052 1846 3104 non
1898 3031 2258 3105 desideret
2309 3034 2618 3127 gloriam
2674 3034 2882 3127 quasi
2933 3053 3223 3108 merce-

876 3149 1042 3223 dem
1115 3167 1368 3223 rerum
1428 3157 1833 3246 gestarum,
1899 3151 2085 3225 sicut
2152 3151 2534 3226 Africanus
2598 3154 2855 3248 maior,
2924 3160 2996 3228 et
3055 3175 3223 3229 ma-

877 3290 1068 3364 gnus
1118 3269 1509 3361 Pompeius
1559 3276 1632 3342 et
1680 3270 1797 3342 alii
1850 3269 2073 3344 duces
2125 3271 2515 3345 avidissimi
2581 3273 2855 3367 gloriae.
2911 3271 3051 3347 Sed
3102 3272 3220 3347 bic

879 3387 1114 3459 oritur
1148 3386 1522 3482 dubitatio,
1560 3389 1730 3481 quia
1769 3389 2056 3464 videtur
2090 3391 2287 3483 quod
2322 3397 2539 3464 autor
2581 3392 3029 3466 contradicat
3060 3392 3219 3488 sibi,

881 3507 1006 3600 qui
1061 3507 1129 3579 in
1183 3506 1467 3581 inferno
1518 3508 1717 3602 dixit,
1754 3509 1950 3603 quod
2002 3512 2224 3584 homo
2276 3512 2402 3604 qui
2456 3512 2770 3585 moritur
2819 3512 2976 3587 sine
3026 3512 3229 3587 saman

879 3627 1201 3702 vanescit
1254 3628 1454 3701 velut
1508 3628 1752 3702 fumus
1788 3630 1862 3702 in
1897 3651 2073 3705 aere
2108 3637 2180 3705 et
2219 3652 2479 3725 spuma
2516 3632 2588 3704 in
2623 3653 2854 3726 aqua3
2890 3632 3007 3707 hic
3041 3652 3229 3707 vem

880 3747 1225 3821 assimilat
1276 3747 1504 3841 ipsam
1560 3749 1831 3822 famam
1886 3757 2105 3825 vento
2157 3757 2230 3824 et
2281 3752 2550 3825 herbae.
2596 3752 2994 3827 Dicendum
3049 3753 3225 3826 bre—

881 3869 1088 3962 viter,
1143 3867 1339 3961 quod
1391 3868 1580 3945 bene
1628 3870 1795 3944 dicit
1846 3870 1963 3944 hic
2014 3878 2087 3945 et
2140 3870 2257 3964 ibi,
2312 3872 2481 3965 quia
2545 3872 2637 3946 ad
2701 3872 3048 3947 virtutem
3102 3892 3225 3948 se-

880 3988 1132 4080 quitur
1184 3986 1377 4061 fama
1432 3997 1506 4062 et
1553 3990 1810 4085 gloria,
1848 4001 1923 4066 et
1958 3992 2179 4064 bomo
2212 3997 2450 4084 potest
2482 3991 2673 4065 licite
2707 4000 3054 4086 appetere
3086 3993 3231 4066 bo—

881 4126 1163 4200 norem,
1216 4106 1507 4182 laudem
1561 4115 1636 4182 et
1684 4110 1994 4205 gloriam
2048 4110 2140 4184 de
2193 4111 2455 4184 merito
2506 4131 2665 4204 su0,
2719 4118 2795 4185 et
2843 4111 2900 4184 si
2955 4112 3229 4187 referat

881 4226 1017 4297 hoc
1072 4225 1143 4297 in
1195 4226 1458 4321 Deum,
1512 4249 1658 4302 non
1725 4228 1796 4301 in
1862 4235 2390 4302 nocumentum
2458 4231 2821 4325 proximi3
2887 4231 3014 4306 sed
3076 4252 3237 4306 non·

880 4342 1096 4417 debet
1148 4365 1420 4437 ponere
1471 4347 1881 4422 felicitatem
1938 4371 2147 4424 suam
2212 4351 2283 4423 in
2345 4371 2456 4444 ea,
2511 4372 2646 4426 nec
2698 4354 3082 4448 superbire
3130 4354 3235 4431 de·

1007 4606 1064 4670 (¹)
1100 4612 1206 4667 117,
1242 4608 1471 4657 caliditas
1503 4609 1626 4659 solis
1656 4611 1953 4660 crescendo.
