3704 5559
829 461 969 524 250
1564 469 1972 524 COMENTUM
2020 469 2461 523 PURGATORH

824 614 1154 710 lihidinis,
1207 615 1700 710 exprobrabat
1737 607 1810 707 (')
1885 612 1982 687 illi
2055 614 2454 688 barbaram
2520 614 3033 690 crudelitatem
3106 624 3178 691 et

824 735 1304 810 inhumanam
1342 736 1741 829 luxuriam,
1774 740 1845 808 et
1875 733 2294 809 minabatur
2327 754 2408 809 se
2441 735 2992 830 propalaturam
3034 738 3174 812 boc

822 855 1185 930 omnibus.
1240 856 1488 943 Quare
1531 856 1830 948 Tereus,
1876 854 2194 929 extincta
2240 854 2541 929 flamma
2594 855 2924 950 libidinis,
2964 876 3173 931 reac-

822 997 1085 1052 census
1120 983 1229 1053 est
1271 960 1568 1050 flamma
1620 977 1772 1070 irae,
1813 982 1888 1051 et
1940 976 2203 1050 evulsit
2253 976 2351 1047 illi
2404 975 2775 1073 crudelius
2817 977 3167 1072 linguam,

822 1117 1047 1190 quam
1101 1102 1513 1171 extorserat
1565 1097 1926 1169 honorem
1979 1095 2173 1188 eius3
2229 1116 2400 1189 quae
2450 1096 2700 1192 lingua
2730 1086 2804 1188 (²)
2861 1097 3165 1173 feriebat

822 1222 1098 1291 terram
1137 1218 1340 1291 velut
1381 1217 1628 1312 lingua
1684 1216 2040 1312 serpentis
2089 1222 2504 1310 amputata3
2558 1223 2632 1291 et
2683 1217 2803 1293 illa
2851 1218 3171 1315 dimissa,

820 1356 1167 1411 reversus
1218 1337 1291 1410 in
1343 1358 1658 1433 regnum
1710 1336 2060 1411 fallaciter
2130 1335 2336 1409 finxit
2396 1336 2612 1410 uxori
2680 1337 2879 1430 quod
2929 1338 3174 1413 Philo-

821 1457 1014 1532 mela
1084 1464 1378 1531 mortua
1447 1463 1628 1530 erat.
1697 1456 1869 1530 Post
1930 1461 2220 1552 tempus
2284 1456 2708 1550 Philomela,
2763 1458 2960 1552 quod
3024 1480 3176 1534 non

818 1577 1055 1672 potuit
1105 1576 1351 1652 dicere
1402 1576 1652 1672 lingua
1704 1576 1991 1670 scripsit
2040 1597 2267 1650 manu
2306 1597 2480 1669 sua3
2524 1597 2695 1650 nam
2749 1578 2986 1651 texuit
3016 1580 3175 1675 pal-

818 1696 998 1770 lium
1069 1702 1144 1772 et
1202 1697 1510 1772 inseruit
1580 1698 1848 1792 literaS,
1915 1697 2183 1792 quibus
2241 1696 2674 1793 significavit
2733 1700 2969 1773 sorori
3019 1707 3172 1775 tam

817 1818 1198 1916 indignum
1255 1820 1554 1894 facinus.
1596 1819 1720 1894 Illa
1756 1819 2101 1895 infuriata
2135 1818 2388 1893 dolore
2429 1818 2736 1893 accessit
2770 1818 2864 1893 ad
2898 1820 3171 1914 locum,

819 1946 894 2014 et
956 1960 1291 2014 sororem
1352 1941 1640 2014 occulte
1701 1939 1912 2012 duxit
1974 1938 2068 2013 ad
2138 1939 2418 2035 regiam
2454 1929 2577 2033 (³);
2640 1945 2714 2013 et
2772 1940 3174 2016 Philomela

818 2060 1175 2155 plorante,
1218 2060 1508 2156 Progne
1541 2060 1747 2153 dixit,
1784 2059 1983 2153 quod
2034 2080 2181 2133 non
2232 2059 2575 2155 lacrymis
2608 2059 2735 2133 sed
2773 2060 2973 2135 ferro
3009 2069 3171 2137 erat

817 2180 1105 2276 agenda
1138 2180 1489 2254 vindicta:
1534 2186 1608 2253 et
1643 2180 1822 2253 dum
1862 2180 2094 2253 multa
2139 2180 2549 2254 minaretur
2589 2199 2762 2254 ecce
2794 2180 2942 2277 Itys
2976 2181 3165 2255 filius

819 2298 978 2373 eius
1030 2298 1428 2372 infantulus
1477 2299 1816 2373 veniebat
1868 2299 1962 2372 ad
2015 2305 2355 2392 matrem,
2418 2299 2548 2394 qui
2609 2301 2928 2374 armavit
2978 2301 3167 2374 illius

817 2417 1030 2492 iram.
1085 2420 1268 2493 Nam
1322 2418 1637 2492 crudelis
1690 2428 1929 2494 mater
1980 2418 2136 2492 viso
2190 2419 2359 2513 filio,
2395 2418 2613 2492 dixit:
2653 2421 2773 2515 ab,
2810 2441 3032 2515 quam
3087 2441 3169 2496 es

819 2537 1071 2613 similis
1130 2539 1358 2634 patri!
1417 2546 1491 2614 et
1560 2539 1910 2613 continuo
1972 2539 2175 2611 illum
2239 2546 2534 2634 captum
2601 2540 2823 2614 traxit
2886 2560 3164 2636 secum,

817 2658 1022 2733 velut
1073 2659 1275 2757 tigris
1326 2660 1717 2734 cervulum
1777 2665 2145 2754 tenerum,
2199 2660 2272 2733 in
2334 2662 2580 2735 locum
2648 2668 3043 2757 secretum,
3095 2669 3171 2738 et

818 2778 1039 2877 impie
1066 2782 1434 2878 jugulavit
1487 2787 1559 2856 et
1594 2781 1813 2875 coxit,
1856 2781 2442 2857 extremitatibus
2478 2784 2908 2878 reservatis3
2944 2790 3018 2858 et
3056 2784 3171 2858 in-

815 2901 1042 2977 vitato
1094 2903 1360 2976 marito
1422 2903 1600 2995 solo,
1653 2902 1842 2977 sicut
1870 2889 1945 2995 (⁴)
2014 2902 2408 2996 aliquando
2482 2904 2781 2998 solebat,
2834 2904 3172 3000 apposuit

817 3023 1048 3097 filium
1118 3023 1275 3118 sibi,
1327 3023 1453 3117 qui
1524 3043 1698 3096 cum
1771 3022 2072 3119 ignarus
2137 3023 2350 3097 avide
2408 3025 2864 3118 comedisset,
2918 3024 3167 3120 petivit

813 3143 1001 3240 ltym
1056 3144 1310 3217 filium.
1365 3144 1568 3217 Tunc
1618 3143 1911 3238 Progne
1962 3165 2109 3217 non
2161 3144 2411 3217 valens
2461 3144 2773 3219 ulterius
2823 3144 3165 3218 dissimu-

815 3265 972 3338 lare
1022 3263 1345 3338 crudelia
1396 3262 1687 3358 gaudia,
1735 3263 1954 3336 dixit:
1990 3263 2227 3350 Quem
2266 3264 2448 3357 petis
2482 3265 2678 3338 intus
2712 3265 2959 3340 habeS.
3022 3264 3166 3340 Sed

815 3384 1050 3458 Tereo
1099 3382 1749 3477 circumspiciente,
1805 3383 1978 3476 quia
2030 3383 2374 3458 credebat
2426 3384 2623 3479 quod
2675 3391 2863 3460 esset
2916 3385 2989 3458 in
3039 3406 3168 3460 ca-

817 3523 1050 3597 mera,
1114 3510 1190 3576 et
1264 3508 1644 3598 quaerente
1710 3502 1836 3576 ubi
1908 3509 2096 3578 esset
2163 3504 2330 3598 Itys,
2391 3504 2793 3580 Philomela
2862 3504 3164 3600 proiecit

815 3630 1038 3720 caput
1088 3622 1212 3696 filii
1263 3623 1335 3696 in
1387 3623 1644 3697 faciem
1699 3622 1950 3718 patriS,
1983 3643 2120 3698 nec
2165 3644 2494 3718 unquam
2547 3631 2834 3699 tantum
2890 3625 3165 3721 optavit

816 3744 1018 3838 loqui
1070 3743 1256 3818 sicut
1307 3749 1503 3838 tunc,
1559 3749 1641 3816 ut
1691 3749 1935 3836 posset
1985 3764 2409 3818 memorare
2459 3743 2591 3817 sibi
2652 3746 3162 3821 crudelitatem

813 3884 948 3960 pro
1016 3864 1466 3938 crudelitate.
1536 3864 1814 3938 Tereus
1884 3870 2137 3938 autem
2200 3863 2434 3938 factus
2494 3864 2815 3939 furiosus
2876 3866 3161 3940 abiecta

816 4008 1069 4063 mensa
1121 3986 1492 4081 voluisset,
1547 3985 1605 4058 si
1658 3983 2031 4079 potuisset,
2086 4005 2437 4059 evomere
2499 4005 2759 4061 carnes
2810 3985 2960 4081 filii,
3011 3988 3162 4061 cla-

815 4129 1025 4183 mans
1075 4128 1156 4181 se
1207 4107 1365 4182 fore
1400 4094 1839 4199 'sepulcrum
1894 4103 2018 4177 filii
2068 4104 2223 4199 sui3
2278 4110 2352 4179 et
2402 4104 2475 4178 in
2535 4105 2789 4181 surore
2841 4113 3050 4202 rapto
3081 4097 3153 4200 (ὅ)

817 4248 991 4302 ense
1035 4226 1615 4321 persequebatur
1651 4246 1816 4319 eas;
1852 4224 1980 4298 sed
2012 4225 2252 4298 ambae
2294 4225 2535 4300 subito
2571 4247 2947 4302 conversae
2988 4234 3161 4302 sunt

938 4454 996 4516 (¹)
1023 4453 1074 4503 S.
1110 4453 1511 4516 improperabat.
2021 4454 2076 4515 (¹)
2109 4453 2171 4504 E.
2206 4454 2379 4518 lingua
2412 4459 2632 4506 extorta.

940 4529 994 4592 (⁸)
1024 4530 1075 4579 S·
1109 4542 1306 4592 regem.
2022 4531 2077 4593 (⁸)
2111 4530 2172 4582 Ε.
2205 4532 2340 4582 sicut
2370 4536 2489 4582 anto
2520 4532 2736 4583 solebat.

940 4604 994 4669 (⁸)
1031 4611 1139 4667 11⁷,
1174 4610 1325 4669 capto
1356 4619 1495 4656 ense.
