3704 5559
872 475 963 541 32
1592 486 2003 543 coMENTUM
2052 489 2496 542 PURGAToml

867 654 1191 730 praesens
1252 633 1408 726 fuit,
1472 634 1649 707 Cato
1726 653 1873 707 non
1933 634 2259 707 interfuit
2326 633 2586 728 proelio
2653 635 2852 727 quod
2911 636 3213 710 feliciter

864 755 1086 851 gessit
1137 755 1379 828 Caesar
1414 753 1487 825 in
1520 752 1760 827 Africa
1797 760 2050 827 contra
2089 753 2494 848 Scipionem
2533 774 2878 828 socerum
2915 755 3213 850 Pompei

864 882 938 950 et
1005 875 1271 948 Jubam
1346 894 1599 969 regem
1666 873 2250 968 potentissimum
2319 872 2845 967 Numidarum,
2907 875 3000 949 de
3065 896 3213 969 quo

866 994 1125 1090 proelio
1176 993 1460 1067 dicetur
1520 992 1840 1066 Paradisi
1883 993 2199 1088 capitulo
2235 993 2372 1065 VI:
2437 1000 2897 1067 remanserat
2948 995 3209 1087 Uticae3

867 1121 942 1189 et
991 1114 1164 1207 quia
1215 1135 1362 1186 non
1404 1120 1563 1187 erat
1611 1113 1709 1185 ibi
1769 1112 1995 1206 fortis,
2050 1113 2299 1186 videns
2350 1113 2633 1186 animos
2685 1113 2956 1188 civium
3010 1114 3214 1188 incli-

866 1234 1026 1307 nari
1060 1233 1153 1306 ad
1188 1233 1551 1307 Caesarem
1587 1232 1905 1306 eiecerat
1938 1232 2224 1326 plebem
2263 1231 2625 1306 inermem
2654 1238 2861 1306 extra
2909 1233 3209 1326 urbem3

867 1353 1218 1426 Senatum
1280 1371 1459 1424 vero
1518 1350 1888 1424 detinebat
1946 1350 2308 1424 inclusum
2371 1351 2444 1424 in
2507 1352 2854 1425 custodia.
2914 1353 3210 1445 Equites

770 1508 773 1511 2
866 1471 1212 1566 Scipionis
1263 1471 1389 1564 qui
1424 1470 1767 1564 fugerant
1801 1490 1845 1543 a
1883 1470 2221 1544 conflictu
2254 1478 2752 1564 pervenerunt
2783 1466 2855 1563 (¹)
2902 1472 3206 1564 Uticam,

865 1611 1092 1686 quam
1162 1589 1465 1685 ingressi
1516 1590 1986 1663 intendebant
2035 1591 2275 1663 solum
2320 1591 2498 1664 caedi
2557 1598 2633 1665 et
2684 1591 2977 1684 rapinae.
3032 1591 3207 1665 Cato

867 1710 1112 1784 multis
1178 1710 1421 1784 verbis
1480 1710 1885 1784 conabatur
1946 1710 2415 1805 persuadere,
2481 1717 2560 1782 ut
2613 1709 2830 1784 finem
2889 1710 3209 1785 facerent

861 1830 1222 1904 mortibus
1273 1835 1346 1902 et
1395 1829 1684 1923 praedae,
1725 1836 1800 1903 et
1852 1835 2323 1904 remanerent
2366 1850 2619 1904 secum
2672 1830 2763 1903 ad
2815 1829 3209 1903 defenden-

860 1949 1030 2024 dam
1085 1955 1385 2022 terram.
1423 1947 1565 2022 Sed
1600 1947 1851 2023 videns
1887 1949 2083 2041 quod
2121 1950 2322 2022 nullo
2371 1948 2664 2044 ingenio
2702 1954 2990 2043 poterat
3032 1949 3210 2022 reti-

861 2087 1043 2141 nere
1078 2058 1152 2157 (²)
1189 2087 1338 2159 θος,
1386 2066 1838 2141 intendentes
1873 2069 2114 2140 solum
2151 2052 2417 2161 praedae
2455 2089 2598 2142 non
2646 2067 2921 2161 virtuti,
2960 2068 3210 2141 videns

862 2187 1193 2260 similiter
1243 2206 1499 2260 omnes
1562 2187 2161 2281 supervenientes
2222 2196 2306 2261 ut
2365 2188 2769 2282 plurimum
2832 2188 3208 2261 intendere

860 2306 1077 2401 fugae,
1131 2307 1332 2379 omni
1383 2328 1511 2402 spe
1562 2306 1865 2400 perdita,
1918 2308 2212 2382 tandem
2262 2308 2606 2382 omnibus
2659 2309 2879 2382 rebus
2932 2315 3207 2401 quanto

862 2425 1273 2521 diligentius
1337 2427 1573 2522 potuit
1639 2428 1712 2499 in
1779 2428 1900 2501 tali
1969 2428 2436 2502 extremitate
2500 2428 2868 2520 ordinatiS,
2922 2435 2996 2501 et
3047 2427 3207 2500 filiis

863 2547 1388 2621 commendatis
1439 2548 1513 2619 L.
1568 2548 1857 2640 Caesari,
1896 2549 2021 2641 qui
2070 2556 2230 2623 erat
2280 2555 2603 2642 quaestor
2656 2548 2751 2621 ibi
2804 2568 2936 2643 per
2987 2547 3202 2621 fidem

862 2666 1223 2759 amicitiae,
1287 2667 1487 2740 nullo
1557 2667 1763 2762 signo
1814 2674 2107 2742 ostenso
2166 2688 2320 2741 suae
2374 2668 2808 2761 intentioniS,
2874 2668 3080 2741 vultu
3134 2671 3207 2740 et

861 2808 1204 2862 sermone
1255 2788 1463 2861 solito
1496 2778 1569 2880 (³)
1621 2795 1696 2863 et
1748 2790 2143 2883 tranquillo
2193 2789 2318 2862 ivit
2354 2790 2426 2862 in
2462 2810 2863 2882 cameram,
2900 2796 2973 2862 et
3008 2788 3207 2861 clan-

861 2907 1139 2983 destine
1189 2908 1504 3003 portavit
1553 2929 1802 2982 secum
1860 2910 2131 2983 librum
2177 2910 2491 2983 Platonis
2533 2910 3026 2985 continentem
3069 2908 3210 2979 im-

861 3028 1384 3101 mortalitatem
1429 3027 1695 3100 animae
1731 3035 1806 3101 et
1838 3029 2163 3122 gladium
2202 3028 2444 3120 simul,
2479 3017 2796 3102 alterum
2837 3049 2985 3121 quo
3021 3027 3207 3100 mori

864 3146 1105 3238 vellet,
1156 3147 1473 3219 alterum
1529 3166 1679 3238 quo
1732 3153 1993 3241 posset.
2041 3147 2260 3221 Lecto
2313 3147 2536 3243 igitur
2589 3147 2773 3220 libro
2824 3147 2914 3220 ad
2966 3146 3208 3218 lucer-

864 3285 1063 3358 nam,
1102 3266 1453 3358 quamdiu
1491 3267 1691 3340 visus
1742 3272 1849 3341 est
1903 3268 2036 3341 sibi
2083 3268 2442 3361 recepisse
2494 3267 2914 3340 firmitatem
2956 3266 3204 3360 animi,

865 3383 1212 3458 subticuit
1237 3405 1538 3479 parum3
1575 3393 1750 3460 tunc
1777 3386 2028 3460 stricto
2062 3387 2325 3481 gladio,
2357 3407 2581 3480 quem
2620 3406 2858 3480 usque
2883 3385 2974 3458 ad
3001 3385 3206 3457 illum

864 3504 1057 3578 diem
1094 3511 1519 3579 servaverat
1553 3505 2065 3602 incorruptum
2107 3508 2200 3581 ab
2236 3507 2437 3580 omni
2471 3507 2691 3599 caede,
2740 3505 3037 3580 confixit
3078 3525 3207 3600 pe-

865 3631 1026 3697 ctus
1077 3624 1274 3717 illud,
1331 3625 1526 3717 quod
1579 3627 1934 3721 templum
1988 3626 2411 3702 constantiae
2464 3626 2896 3717 habebatur,
2941 3623 3203 3718 duplici

864 3744 1191 3818 vulnere.
1245 3745 1562 3818 Medicus
1614 3752 1689 3819 et
1738 3745 2133 3820 familiares
2183 3746 2475 3820 excitati
2533 3745 2781 3839 aliquo
2839 3745 3044 3840 signo
3096 3744 3207 3816 in-

864 3871 1138 3938 trantes
1188 3885 1564 3939 cameram
1616 3865 2074 3941 conabantur
2135 3865 2366 3961 ligare
2427 3866 2759 3957 vulnera,
2823 3865 3019 3959 quod
3089 3864 3206 3938 ille

860 3985 1222 4080 patienter
1273 3985 1684 4078 substinuit,
1724 3992 1806 4057 ut
1856 4005 1936 4059 se
1980 3986 2074 4059 ab
2116 3986 2413 4059 illorum
2469 3985 2799 4059 molestia
2837 3984 3202 4057 liberaret.

861 4106 1030 4178 Post
1082 4125 1456 4179 recessum
1510 4126 1772 4180 eorum
1808 4093 1906 4198 (⁴),
1961 4105 2133 4199 quia
2187 4105 2373 4180 forte
2425 4125 2647 4179 omne
2708 4104 2991 4178 ferrum
3046 4110 3207 4176 erat

859 4222 1211 4316 ablatum,
1265 4225 1444 4299 Cato
1496 4224 1816 4300 rescissis
1870 4245 2095 4299 manu
2139 4224 2568 4299 vulneribus
2619 4242 3067 4318 generosum
3123 4223 3208 4295 il-

861 4343 1017 4415 lum
1071 4344 1402 4436 spiritum
1458 4366 1604 4417 non
1642 4351 1790 4417 tam
1827 4344 2067 4417 emisit
2103 4365 2327 4436 quam
2366 4343 2598 4436 eiecit,
2637 4348 2719 4415 ut
2771 4342 2872 4415 ait
2906 4342 3202 4416 Seneca.

988 4536 1043 4598 (¹)
1078 4536 1138 4586 E.
1174 4542 1531 4598 pervenerant.
1552 4564 1612 4575 —
1634 4542 1741 4597 117,
1776 4543 2149 4588 convenerunt.
2472 4535 2526 4599 (¹)
2560 4537 2610 4586 S.
2646 4537 2895 4586 detinere.

991 4610 1044 4674 (')
1078 4611 1138 4660 E.
1172 4612 1326 4661 solito
1357 4612 1447 4662 ivit
1479 4613 1531 4662 in
1563 4625 1840 4663 cameram.
2474 4613 2529 4675 (⁸)
2562 4612 2625 4662 Ε,
2657 4611 2890 4662 illorum.
