3704 5559
824 473 911 537 12
1551 483 1960 539 comENTUM
2009 484 2451 538 PURGATonu

816 649 987 702 men
1040 630 1324 724 turpius
1375 630 1614 703 visum
1669 637 1778 705 est
1828 631 2114 725 cedere,
2168 632 2363 725 quia,
2427 637 2508 703 ut
2568 630 2738 703 dicit
2795 630 2985 703 idem
3048 651 3167 702 sa-

811 748 1060 842 piens:
1115 752 1476 844 Responde
1522 753 1727 823 stulto
1777 772 1866 823 ne
1912 753 2042 823 sibi
2090 755 2368 843 sapiens
2421 753 2758 823 videatur.
2814 751 3023 822 Nunc
3074 749 3166 822 ad

815 869 1099 943 literam
1167 870 1541 944 redeundo
1599 870 1769 944 dicit
1830 878 2092 965 poeta:
2157 871 2474 965 Calliope
2536 876 2793 965 surgat
2852 876 3162 962 armata,

811 991 1219 1078 sequitando
1270 992 1325 1061 il
1373 994 1511 1063 mio
1557 997 1788 1081 canto,
1831 990 2035 1083 idest,
2062 990 2392 1084 juvando
2436 991 2689 1064 favore
2728 1010 2864 1062 suo
2911 1009 3162 1060 meum

815 1107 1181 1201 poeticum
1239 1114 1655 1202 tractatum,
1707 1131 1838 1181 con
1892 1113 2050 1201 quel
2093 1131 2342 1200 suonO,
2395 1109 2665 1183 scilicet
2714 1116 2937 1181 cantu
2990 1128 3166 1201 poe-

820 1227 961 1301 tico
1012 1227 1391 1302 excellenti
1446 1236 1520 1303 et
1572 1230 1868 1322 potenti,
1922 1233 1997 1302 di
2054 1234 2189 1321 cui,
2252 1230 2519 1303 scilicet
2583 1229 2765 1320 soni,
2836 1232 2896 1300 le
2963 1230 3167 1300 Piclze

818 1349 1091 1438 misere,
1152 1347 1357 1441 idest,
1421 1348 1740 1423 Pierides
1793 1349 2111 1423 infelices
2165 1348 2674 1421 miserabiliter
2738 1354 3040 1420 mutatae
3089 1346 3163 1418 in

818 1466 1015 1560 picas
1054 1475 1353 1561 propter
1389 1490 1599 1541 suam
1636 1469 2021 1543 audaciam
2057 1476 2129 1542 et
2165 1470 2485 1543 calorem
2523 1469 2954 1562 juvenilem,
3005 1489 3164 1539 sen-

817 1589 954 1658 tiro
1003 1591 1070 1658 lo
1120 1591 1318 1680 colpo
1370 1591 1492 1679 tal,
1548 1589 1785 1662 maius
1837 1590 2105 1663 vulnus
2158 1609 2303 1662 non
2369 1595 2602 1681 potest
2663 1588 2819 1661 dari
2874 1588 3162 1681 talibuS,

816 1727 1043 1799 quam
1094 1708 1441 1803 detegere
1492 1708 1978 1803 ignorantiam
2018 1731 2256 1801 suam,
2308 1711 2426 1781 che
2460 1712 2788 1800 disperar
2813 1712 3162 1801 perdono,

813 1827 987 1918 quia
1023 1849 1432 1921 numquam
1486 1836 1735 1923 postea
1771 1835 2075 1923 possunt
2102 1823 2176 1919 (¹)
2213 1849 2514 1921 sperare
2564 1835 2644 1900 ut
2682 1827 3163 1901 restituantur

813 1947 907 2019 ad
956 1947 1268 2041 primam
1301 1940 1374 2038 (²)
1430 1948 1725 2042 samam,
1765 1970 1990 2041 quam
2036 1948 2239 2042 prius
2291 1947 2798 2041 intempestive
2855 1952 2930 2019 et
2979 1946 3161 2019 indi-

813 2085 960 2160 gne
997 2087 1356 2159 usurpare
1409 2066 1540 2140 sibi
1592 2068 2086 2159 conabantur3
2142 2066 2331 2139 istud
2386 2067 2582 2141 enim
2619 2072 2726 2139 est
2762 2085 3160 2139 commune

815 2185 1074 2257 vitium
1100 2186 1509 2279 juniorum.
1555 2188 1642 2258 Et
1692 2187 1793 2260 sic
1828 2187 1994 2261 vide
2029 2195 2389 2279 quantum
2433 2186 2826 2259 similitudo
2867 2185 3036 2257 facit
3070 2184 3162 2257 ad

814 2306 1298 2399 propositum3
1339 2305 1511 2399 quia
1562 2313 1775 2399 poeta
1827 2313 2075 2379 noster
2111 2306 2451 2399 implorat
2485 2306 2602 2379 hic
2646 2312 2726 2378 ut
2770 2306 2921 2398 ipse
2964 2325 3159 2379 nunc

814 2425 1034 2519 possit
1085 2426 1533 2500 confundere
1585 2427 1893 2500 aemulos
1946 2427 2241 2521 ignaros
2272 2417 2344 2517 (³)
2399 2426 2720 2519 poetriae,
2775 2425 2961 2498 sicut
3002 2426 3157 2519 jam

816 2543 1133 2639 Calliope
1182 2545 1504 2619 confudit
1555 2545 1750 2640 picas
1800 2545 2259 2619 adversarias
2321 2565 2514 2637 suaS,
2577 2551 2649 2617 et
2700 2544 2966 2617 dimisit
3034 2565 3159 2618 eas

815 2664 887 2738 in
941 2666 1135 2738 mala
1184 2665 1368 2738 hora
1420 2686 1592 2740 cum
1638 2666 1923 2761 garritu
1959 2686 2095 2739 suo
2135 2664 2305 2737 nihil
2342 2664 2712 2738 nocituras
2764 2664 2917 2737 sibi.
2958 2664 3158 2737 Sicut

811 2805 992 2880 ergo
1062 2805 1331 2879 magna
1398 2786 1601 2858 Musa
1677 2785 1990 2858 obtinuit
2052 2784 2433 2858 victoriam
2499 2791 2754 2858 contra
2823 2784 3159 2857 soeminas

809 2906 1148 3002 garrulas
1218 2926 1387 2999 quae
1457 2906 1828 2979 audebant
1899 2906 2273 3000 disputare
2346 2925 2624 2998 secum,
2685 2905 2784 2977 ita
2846 2926 3159 3000 magnus

807 3032 1024 3119 poeta
1060 3032 1316 3098 contra
1352 3026 1661 3099 aemulos
1695 3026 2105 3120 garrientes
2141 3046 2353 3099 more
2388 3025 2811 3118 mulierum,
2843 3026 2968 3117 qui
3008 3033 3155 3099 tam

812 3144 1206 3216 temerarie
1257 3165 1483 3237 quam
1536 3143 1964 3239 ignoranter
2023 3146 2396 3218 audebant
2456 3144 2907 3218 calumniare
2968 3144 3157 3216 bene

807 3263 996 3336 dicta
1050 3263 1230 3355 eiuS,
1287 3269 1637 3356 ponentes
1687 3284 1770 3337 os
1821 3265 1895 3336 in
1947 3266 2247 3357 coelum,
2296 3265 2484 3338 sicut
2533 3264 2850 3337 Pierides
2900 3269 3157 3336 contra

807 3383 1004 3456 deos.
1061 3382 1202 3455 Sed
1264 3389 1482 3456 autor
1536 3389 1780 3457 noster
1832 3383 2159 3477 loquitur
2212 3384 2463 3456 laudes
2515 3383 2645 3457 Dei
2696 3390 2769 3456 et
2819 3383 3155 3475 deorum,

809 3503 1014 3597 idest,
1068 3504 1528 3598 angelorum,
1583 3510 1666 3576 ut
1718 3504 1990 3598 patebit
2041 3505 2114 3576 in
2165 3525 2535 3598 processu.

956 3626 1169 3695 Dolce
1226 3625 1444 3694 color.
1511 3623 1650 3697 Ista
1718 3631 1828 3696 est
1891 3623 2212 3697 secunda
2282 3644 2451 3715 pars
2511 3621 2872 3719 generalis
2939 3621 3156 3694 huius

810 3742 1102 3837 capituli
1153 3742 1390 3836 primi,
1444 3741 1517 3814 in
1569 3763 1718 3835 qua
1769 3749 1988 3816 autor
2032 3749 2301 3835 noster,
2345 3741 2532 3816 sacta
2569 3743 2825 3837 pulcra
2861 3741 3157 3814 invoca-

810 3863 1028 3957 tione,
1081 3863 1333 3936 volens
1382 3862 1827 3937 descendere
1891 3862 1983 3936 ad
2033 3869 2458 3957 tractatum,
2522 3864 2760 3959 primo
2819 3862 3158 3937 describit

806 3987 1147 4080 pulcrum
1186 3991 1498 4076 tempuS,
1548 4004 1698 4075 quo
1750 3983 2046 4076 incoepit
2097 3984 2625 4076 pulcerrimum
2673 4004 2858 4076 opus
2910 4002 3152 4054 suum.

805 4106 1157 4178 Describit
1209 4111 1460 4177 autem
1511 4110 1761 4176 ortum
1812 4124 2108 4176 aurorae
2162 4104 2401 4197 primo
2438 4125 2569 4199 per
2608 4103 2977 4194 effectum,
3016 4101 3156 4174 sci-

805 4225 974 4298 licet
1023 4245 1153 4319 per
1204 4224 1568 4298 clarorem
1619 4224 1858 4298 aeris:
1913 4224 2238 4297 secundo
2300 4245 2432 4319 per
2495 4244 2823 4316 causam,
2888 4222 3156 4296 scilicet

806 4366 937 4440 per
987 4343 1511 4439 apparitionem
1563 4344 1901 4437 Luciferi,
1957 4345 2082 4437 qui
2143 4345 2681 4439 praenuntiabat
2733 4344 2963 4417 solem
3031 4363 3157 4416 ve-

931 4534 985 4595 (¹)
1018 4533 1079 4583 E.
1115 4538 1327 4595 possunt
1362 4532 1561 4582 restitui
1595 4545 1691 4582 nec
1723 4545 1935 4594 sperare
1968 4536 2043 4581 ut.
2297 4529 2352 4594 (¹2
2389 4536 2497 4592 11⁷,
2532 4533 2753 4595 primam
2788 4531 3031 4580 sormam.

936 4608 989 4670 (⁸)
1020 4609 1071 4658 S.
1104 4609 1415 4671 ignorantes.
