3704 5559
849 487 991 553 164
1573 501 1982 555 commu
2033 502 2472 557 PURGATonu

844 666 1070 739 croce,
1123 649 1225 719 clt'
1250 649 1321 719 io
1367 648 1466 740 sei
1513 649 1590 720 di
1638 667 1772 739 me,
1824 647 2031 741 idest,
2085 668 2311 741 quam
2363 665 2665 720 crucem
2719 666 2861 741 ego
2914 646 3050 721 feci
3100 643 3195 718 de

845 764 1162 840 brachiis
1214 767 1397 840 meis
1447 766 1521 840 in
1573 766 2018 841 memoriam
2070 766 2422 863 passionis
2473 765 2734 840 Christi
2765 758 2864 859 (¹),
2912 767 3197 857 quando

839 886 897 956 il
940 886 1174 977 dolor,
1227 886 1520 979 scilicet,
1574 887 1854 980 mortiS,
1909 890 2005 960 mi
2054 891 2286 960 vinse:
2340 887 2693 958 volcommi
2731 906 2871 977 per
2935 888 2995 957 le
3043 887 3199 976 ripe

842 1024 880 1075 e
921 1024 1056 1096 per
1105 1008 1173 1077 lo
1217 1008 1464 1099 fond0,
1516 1004 1740 1100 ipsius
1807 1006 2008 1099 Arni,
2053 1009 2180 1099 poi
2229 1008 2326 1079 mi
2370 1025 2654 1097 coperse
2703 1023 2742 1076 e
2790 1007 3001 1094 cin-se,
3057 1003 3197 1077 sci-

844 1122 1013 1198 licet
1062 1145 1284 1219 supra
1336 1132 1411 1199 et
1460 1125 1677 1219 circa,
1747 1129 1824 1199 di
1872 1112 2016 1199 sua¹
2043 1128 2305 1219 preda,
2358 1125 2588 1198 mixta
2628 1143 2802 1197 cum
2854 1144 3073 1218 aqua.
3110 1123 3198 1196 Et

844 1242 948 1318 sic
980 1244 1387 1319 Boncontes
1424 1246 1791 1342 respondit
1821 1246 1915 1321 de
1947 1247 2326 1342 sepultura
2357 1266 2516 1339 sua,
2546 1265 2774 1339 quam
2810 1243 2944 1318 sihi
2978 1251 3194 1339 poeta

846 1363 1133 1440 dixerat
1182 1386 1342 1440 esse
1375 1366 1829 1462 ignoratam3
1867 1372 1940 1442 et
1973 1367 2376 1460 considera,
2420 1367 2674 1461 lector,
2718 1372 2995 1460 quanta
3033 1370 3195 1438 arte

846 1491 1065 1580 poeta
1114 1493 1363 1561 noster
1404 1488 1836 1561 exaltaverit
1869 1488 2085 1564 istam
2124 1486 2511 1562 materiam
2563 1485 2657 1561 de
2705 1505 2786 1560 se
2835 1484 3190 1558 humilem

848 1609 924 1679 et
972 1604 1283 1679 bassam.
1304 1609 1610 1679 —Delzl
1643 1608 1852 1681 Nunc
1889 1607 2150 1680 ultimo
2185 1613 2400 1701 poeta
2433 1605 2896 1680 subannectit
2930 1623 3194 1699 quem-

848 1722 1018 1797 dam
1072 1724 1372 1799 tertium
1422 1726 1757 1822 spiritum
1819 1725 1913 1800 de
1973 1745 2289 1800 numero
2352 1724 2896 1821 praedictorum.
2963 1724 3050 1795 Et
3111 1729 3196 1795 ut

847 1863 1171 1939 praesens
1205 1844 1413 1919 litera
1449 1846 1539 1919 sit
1574 1845 1863 1940 clarior,
1917 1852 2028 1921 est
2076 1846 2316 1941 primo
2366 1845 2768 1939 sciendum,
2813 1843 3011 1938 quod
3064 1843 3197 1916 ista

846 1961 1093 2038 anima
1127 1963 1262 2037 fuit
1296 1964 1636 2059 quaedam
1673 1965 1930 2039 nobilis
1966 1965 2261 2039 domina
2287 1965 2611 2039 senensis
2644 1963 2736 2039 de
2770 1964 2993 2057 stirpe
3026 1962 3198 2036 Pto-

848 2084 1313 2177 lomaeorum,
1368 2105 1536 2178 quae
1587 2084 1722 2158 fuit
1771 2106 1984 2173 uxor¹
2016 2086 2399 2159 cuiusdam
2454 2085 2709 2159 nobilis
2761 2084 3028 2177 militis,
3070 2081 3195 2176 qui

852 2210 1161 2279 vocatus
1212 2209 1323 2277 est
1370 2204 1710 2279 dominus
1758 2205 2007 2279 Nellus
2048 2207 2140 2279 de
2181 2205 2689 2279 Panochischis
2720 2196 2795 2297 (¹)
2829 2206 2921 2279 de
2955 2205 3193 2297 Petra,

852 2323 979 2418 qui
1022 2330 1183 2398 erat
1216 2331 1471 2418 potens
1505 2324 1579 2397 in
1615 2325 1984 2399 maritima
2019 2326 2403 2401 Senatum.
2443 2326 2717 2400 Accidit
2760 2346 2963 2421 ergo,
3000 2323 3198 2419 quod

852 2444 1032 2519 dum
1061 2435 1136 2537 (³)
1189 2452 1621 2539 coenassent,
1674 2452 1747 2520 et
1809 2444 1946 2520 ista
2008 2446 2302 2521 domina
2362 2454 2588 2520 staret
2646 2446 2739 2521 ad
2800 2447 3194 2519 fenestram

851 2564 1097 2661 palatii
1148 2564 1220 2637 in
1280 2562 1548 2638 solatiis
1611 2563 1785 2659 suiS,
1838 2565 2138 2659 quidam
2200 2565 2629 2640 domicellus
2690 2564 2782 2640 de
2851 2562 3192 2647 mandato

850 2683 1034 2759 Nelli
1085 2683 1275 2779 cepit
1324 2683 1534 2757 istam
1572 2683 1946 2760 dominam
1983 2706 2115 2781 per
2148 2686 2369 2781 pedes
2405 2693 2478 2761 et
2517 2683 2990 2781 praecipitavit
3026 2704 3194 2758 eam

851 2826 986 2901 per
1046 2806 1466 2899 fenestram,
1530 2826 1697 2900 quae
1758 2806 2108 2881 continuo
2169 2813 2464 2881 mortua
2526 2815 2657 2902 est,
2736 2807 2979 2882 nescio
3049 2827 3195 2900 qua

853 2924 1282 3020 suspicione.
1336 2923 1444 2996 Ex
1494 2925 1707 2999 cuius
1759 2932 1999 2999 morte
2040 2925 2317 3000 crudeli
2369 2932 2624 3000 natum
2677 2935 2788 3001 est
2839 2945 3196 3022 magnum

851 3045 1103 3119 odium
1140 3045 1330 3118 inter
1363 3043 1641 3119 dictum
1676 3046 2059 3119 dominum
2096 3047 2408 3140 Nellum,
2448 3053 2520 3120 et
2554 3030 2988 3122 ptolomaeos
3022 3066 3198 3121 con-

852 3170 1087 3238 sortes
1137 3164 1360 3258 ipsius
1409 3164 1744 3238 dominae.
1797 3165 2008 3239 Nunc
2057 3165 2149 3238 ad
2200 3166 2690 3261 propositum:
2729 3167 2863 3241 ista
2905 3166 3197 3241 domina

852 3290 1066 3380 rogat
1116 3284 1451 3378 Dantem,
1504 3290 1591 3356 ut
1644 3292 1855 3380 roget
1904 3305 2040 3380 pro
2093 3307 2203 3379 ea,
2255 3285 2314 3359 si
2372 3307 2729 3380 umquam
2789 3288 3074 3363 venerit
3123 3287 3196 3361 in

853 3402 1191 3476 Tusciam
1254 3402 1348 3475 ad
1417 3403 1784 3477 civitatem
1855 3404 2270 3498 Senarum3
2346 3405 2514 3479 dicit
2582 3427 2810 3502 ergo:
2877 3411 2933 3479 il
3002 3415 3197 3481 terzo

852 3526 1127 3617 spm,
1161 3522 1453 3617 scilicet,
1505 3523 1818 3599 dominae
1870 3525 2040 3617 Piae,
2092 3525 2311 3620 impie
2362 3525 2782 3620 interfectae,
2825 3521 3086 3618 sequitu
3123 3530 3200 3598 al

854 3646 1178 3735 secondO,
1230 3643 1434 3739 idest,
1488 3645 1777 3719 locutus
1828 3650 1939 3718 est
1987 3645 2396 3720 successive
2430 3653 2589 3740 post
2624 3647 2958 3743 spiritum
2999 3647 3196 3721 Bon-

854 3764 1108 3860 oontis,
1145 3764 1274 3858 qui
1322 3764 1754 3839 secundario
1806 3766 2094 3839 locutus
2137 3765 2379 3839 fuerat
2412 3773 2574 3860 post
2606 3766 2968 3860 primum:
3006 3769 3194 3840 Dete!

854 3883 1085 3959 flictio
1136 3883 1596 3979 deprecativa
1647 3891 1780 3977 est,
1830 3887 2179 3958 ricordati
2225 3887 2300 3958 di
2349 3907 2482 3977 me,
2521 3892 2598 3960 et
2632 3894 2715 3960 ut
2749 3887 2970 3981 possit
3004 3887 3194 3961 bene

854 4003 1228 4080 recordari
1271 4003 1453 4098 eius,
1497 4003 1844 4077 continuo
1900 4003 2124 4100 tangit
2167 4026 2387 4079 suum
2427 4026 2720 4100 nomen,
2762 4008 3009 4081 locum
3045 4007 3197 4082 ori-

852 4123 1066 4219 ginis,
1100 4122 1346 4197 locum
1391 4123 1672 4218 mortiS,
1710 4129 1783 4197 et
1834 4123 2093 4197 mortis
2141 4132 2509 4221 autorem,
2560 4124 2847 4200 dicens:
2900 4130 3019 4200 che
3067 4148 3198 4200 son

853 4246 926 4315 Ia
977 4246 1131 4316 Pia.
1183 4242 1326 4316 Ista
1375 4241 1669 4317 domina
1734 4245 2143 4318 vocabatur
2193 4244 2340 4339 Pia,
2407 4267 2631 4339 quam
2696 4247 2917 4342 impie
2982 4246 3196 4321 mini-

998 4471 1012 4500 ·
1113 4507 1126 4520 .
1160 4471 1284 4521 Jesu
1316 4470 1518 4522 Christi.
1910 4473 1965 4536 (¹)
1999 4473 2060 4523 E.
2094 4474 2388 4525 Panoschis.

978 4470 1136 4611 {⁸311}
1165 4548 1291 4598 dum
1333 4549 1495 4599 semel
1536 4553 1883 4601 coenasset.—
1904 4553 2011 4611 1¹7,
2057 4549 2182 4600 dum
2233 4553 2395 4602 semel
2434 4555 2528 4604 ista
2571 4553 2780 4604 domina
2826 4556 2984 4603 staret
3025 4551 3088 4601 ad
3118 4550 3201 4601 se·

855 4631 1085 4677 nestram
