3704 5559
1367 476 1642 531 CAN'rus
1692 478 1977 531 ramus.
2757 464 2846 530 43

495 645 682 717 quos
733 623 1267 698 mundaverat:
1312 627 1437 713 Ite,
1479 626 1810 696 ostendite
1850 645 1976 696 vos
2014 624 2507 695 sacerdotibus.
2538 663 2636 675 —
2671 628 2852 711 Que-

494 751 622 816 sta.
676 742 819 816 Hic
861 743 1063 836 Catu,
1124 742 1297 834 quia
1359 743 1842 817 mandaverat
1894 763 2173 815 novum
2226 748 2518 836 poetam
2573 741 2851 836 recingi

486 862 742 957 juncO,
778 862 994 936 docet
1040 861 1166 934 ubi
1201 861 1669 935 inveniantur
1693 862 1924 957 junci,
1963 869 2035 934 et
2070 861 2409 935 describit
2444 861 2686 934 locum
2727 859 2851 932 ubi

493 982 918 1073 abundant3
973 980 1100 1054 sed
1164 982 1254 1054 ad
1314 981 1862 1078 intelligentiam
1918 981 2136 1054 huius
2199 981 2428 1054 literae
2490 988 2598 1054 est
2657 1001 2850 1074 prae-

494 1100 1150 1193 sciendum,>quod
1202 1108 1415 1195 poeta
1470 1108 1717 1174 noster
1769 1100 1974 1195 fingit
2038 1100 2235 1194 quod
2295 1099 2369 1172 in
2438 1100 2559 1172 illo
2610 1099 2848 1172 hemi-

493 1221 734 1315 sperio
785 1220 1109 1294 inferiori
1160 1242 1252 1295 ex
1303 1222 1630 1316 opposito
1683 1221 1945 1294 inferni
1997 1228 2106 1294 est
2161 1242 2308 1294 uua
2362 1241 2589 1314 parva
2630 1221 2847 1314 plana

494 1341 732 1415 insula
797 1341 1196 1434 circularis,
1266 1342 1340 1413 in
1410 1341 1619 1414 cuius
1688 1340 1929 1414 medio
1981 1348 2089 1414 est
2141 1362 2334 1413 unus
2395 1362 2606 1414 mons
2656 1341 2851 1413 altis-

496 1461 730 1534 simus
782 1482 1021 1555 usque
1073 1461 1163 1534 ad
1216 1462 1513 1554 coelum,
1568 1462 1695 1554 qui
1746 1462 1943 1534 circa
1995 1461 2321 1534 medium
2367 1468 2477 1534 est
2512 1469 2851 1535 muratus

495 1579 833 1654 etractus
856 1579 947 1653 ad
975 1580 1249 1675 gradus
1277 1581 1734 1654 circulariter
1762 1604 1781 1673 3
1818 1587 1892 1654 et
1927 1582 2112 1654 sicut
2147 1581 2508 1675 gradatim
2546 1581 2851 1655 descen-

495 1698 699 1772 ditur
746 1696 839 1772 ad
889 1705 1223 1773 centrum
1272 1699 1556 1792 inferni,
1601 1700 1698 1773 ita
1735 1699 2093 1795 gradatim
2140 1699 2557 1772 ascenditur
2591 1699 2682 1772 ad
2720 1720 2846 1772 ca-

495 1838 766 1893 cumen
819 1818 1022 1891 istius
1077 1820 1340 1893 montis
1393 1819 1719 1914 contigui
1771 1819 2006 1892 coelo:
2061 1819 2249 1893 sicut
2287 1819 2347 1890 si
2383 1818 2543 1912 quis
2594 1820 2848 1893 volens

494 1938 895 2014 ascendere
956 1960 1259 2013 arenam
1314 1940 1625 2013 Veronae
1701 1939 1989 2033 incipiat
2057 1960 2099 2013 a
2168 1939 2392 2013 fundo
2461 1946 2533 2013 et
2602 1939 2850 2014 tendat

496 2058 592 2133 ad
642 2059 908 2132 altum:
965 2059 1090 2133 sed
1140 2060 1215 2131 in
1266 2080 1493 2134 arena
1545 2061 1694 2132 itur
1745 2060 1838 2133 ab
1893 2060 2106 2152 intra,
2158 2060 2276 2132 hic
2328 2079 2507 2134 vero
2559 2058 2708 2131 itur
2759 2057 2852 2130 ab

496 2184 706 2251 extra
755 2177 829 2250 in
881 2178 1189 2251 circuitu
1248 2178 1512 2251 montis
1556 2198 1688 2272 per
1727 2199 1951 2251 unam
1993 2179 2185 2252 viam
2230 2179 2574 2271 excisam,
2621 2198 2845 2269 quam

501 2301 718 2391 poeta
766 2296 1137 2371 cornicem
1174 2302 1409 2390 vocat,
1452 2303 1534 2369 ut
1585 2317 1778 2392 saepe
1814 2298 2084 2391 patebit
2127 2297 2198 2369 in
2232 2317 2603 2391 processu.
2641 2296 2851 2369 Nunc

500 2414 594 2489 ad
627 2415 939 2489 literam.
983 2416 1163 2489 Dicit
1200 2418 1423 2490 Cato:
1468 2424 1705 2507 questa
1737 2419 2031 2505 isoletta,
2068 2417 2587 2489 circumcincta
2628 2416 2838 2507 mari,

500 2555 728 2629 quam
778 2541 994 2629 poeta
1046 2537 1335 2610 vocavit
1386 2557 1691 2630 parvam
1757 2557 2049 2630 speram
2117 2535 2310 2609 finali
2362 2536 2678 2630 capitulo
2731 2538 2850 2607 In-

504 2655 713 2749 ferni,
752 2663 974 2746 porca
1023 2658 1128 2728 de'
1152 2658 1431 2747 yiunclzi
1478 2677 1697 2747 sopra
1741 2659 1791 2727 'l
1822 2658 2025 2727 molle
2059 2658 2247 2745 lime,
2285 2655 2467 2730 idest
2520 2653 2844 2744 humide,

500 2781 575 2849 et
614 2774 874 2849 humili
926 2777 1108 2870 solo,
1160 2771 1400 2866 {ayma
1434 2766 1617 2867 colet,
1653 2774 1924 2848 scilicet
1959 2774 2031 2847 in
2069 2773 2227 2846 loco
2287 2773 2500 2846 basso
2539 2766 2610 2863 (¹)
2650 2771 2846 2844 circa

498 2896 1067 2990 extremitatem,
1117 2898 1293 2969 dove
1343 2900 1415 2969 la
1482 2897 1660 2968 balle
1723 2899 1767 2967 l’
1793 2897 2013 2984 ouda,
2075 2885 2278 2985 idest,
2347 2891 2470 2964 ubi
2536 2913 2733 2983 aqua
2770 2882 2844 2980 (²)

497 3014 722 3089 maris
773 3015 1172 3110 repercutit
1225 3016 1453 3109 ipsam
1508 3015 1878 3108 contiuuo,
1929 3017 2239 3103 interne,
2277 3011 2481 3104 idest,
2517 3011 2838 3084 circum-

497 3134 692 3210 circa
741 3134 977 3228 litora,
1030 3137 1130 3207 ad
1174 3138 1316 3207 imo
1367 3137 1467 3207 ad
1512 3138 1680 3225 imo,
1734 3134 1907 3226 quia
1959 3134 2031 3205 in
2083 3134 2244 3205 loco
2296 3131 2510 3204 basso
2560 3129 2738 3205 vivit
2773 3134 2847 3202 et

496 3254 697 3352 viget
742 3255 1113 3329 humilitas
1158 3255 1384 3328 tutior
1426 3262 1679 3329 contra
1716 3256 2033 3348 impetus
2067 3253 2578 3343 adversorum,
2616 3270 2842 3343 quam

496 3375 644 3450 alta
703 3374 1064 3469 superbia.
1127 3375 1215 3447 Et
1273 3374 1514 3447 subdit
1577 3374 1774 3466 quod
1833 3374 2037 3447 nulla
2099 3372 2241 3445 alia
2300 3372 2544 3465 planta
2605 3375 2850 3463 posset

497 3494 751 3570 vivere
816 3496 935 3570 vel
994 3496 1268 3569 durare
1319 3495 1439 3588 ibi,
1507 3494 1799 3568 dicens:
1866 3496 2032 3566 null*
2058 3496 2250 3565 altra
2306 3494 2582 3583 piama,
2634 3489 2840 3584 idest,

495 3614 754 3708 virtus,
793 3616 911 3687 che
954 3618 1219 3708 facesse
1250 3617 1546 3708 fronda,
1584 3635 1627 3685 o
1678 3616 2074 3700 indurasse,
2109 3611 2313 3703 idest,
2350 3629 2520 3702 quae
2573 3610 2848 3683 faceret

496 3725 871 3808 hominem
915 3725 1316 3828 superbum
1354 3733 1535 3806 flore
1572 3731 2088 3826 prosperitatis,
2136 3731 2322 3804 sicut
2347 3729 2651 3825 J'ustitia,
2691 3748 2854 3801 ma-

492 3852 956 3950 gnanimitas,
1008 3852 1375 3946 fortitudo,
1428 3854 1499 3924 vi
1539 3860 1747 3948 puoto
1795 3872 1970 3924 aver
2019 3853 2185 3940 vica,
2223 3848 2514 3938 scilicet,
2552 3852 2854 3941 vegeta-

496 3971 747 4069 tivam,
797 3993 967 4067 quae
1017 3979 1127 4048 est
1177 3974 1249 4046 in
1301 3972 1595 4067 plantis3
1648 3977 1721 4045 et
1772 3991 1946 4045 ecce
1996 3988 2333 4042 causam:
2359 3959 2542 4057 perd
2591 3967 2693 4037 ch'
2720 3967 2856 4037 alle

489 4112 815 4186 pacasse
860 4114 1007 4167 non
1054 4094 1383 4183 secunda,
1435 4091 1641 4184 idest,
1692 4110 1839 4163 non
1872 4079 1945 4180 (³)
2009 4086 2198 4162 cedit
2258 4085 2538 4179 impetu
2589 4084 2854 4158 adver-

494 4229 801 4308 sorum3
853 4219 928 4287 et
976 4232 1155 4287 vere
1204 4218 1419 4307 poeta
1469 4217 1717 4285 noster
1779 4229 1924 4281 non
1995 4211 2106 4280 est
2169 4204 2442 4277 fractus
2500 4203 2849 4297 adversiS,

487 4331 651 4408 imo
696 4331 1076 4406 humiliter
1125 4339 1200 4407 et
1264 4331 1620 4425 patienter
1672 4327 2010 4402 toleravit
2044 4315 2119 4419 (⁴)
2167 4324 2492 4416 exilium,
2531 4343 2852 4417 pauper-

623 4515 681 4580 (¹)
711 4517 775 4568 B.
807 4517 954 4569 hm
986 4517 1111 4569 vivit
1142 4522 1196 4567 et
1228 4519 1379 4581 viget.
1721 4516 1776 4577 (¹)
1811 4515 1862 4565 S.
1897 4514 2034 4565 unda
2067 4514 2242 4563 maris.

620 4591 680 4658 ω
706 4592 774 4644 Β.
804 4605 913 4644 non
943 4593 1079 4644 cedit
1111 4592 1343 4657 impetui.
1717 4591 1774 4654 ζ’)
1808 4592 1871 4641 E.
1906 4591 2148 4642 toleravit
2178 4588 2352 4638 animo
2387 4586 2512 4636 forti
2545 4584 2778 4634 exilium.
