3704 5559
823 495 967 559 202
1542 504 1951 560 COMENTUM
2003 504 2445 559 PunGA'ronu

814 671 1038 726 causa
1064 654 1097 722 *ἲ
1147 653 1255 723 clei
1305 653 1564 723 volesse
1603 653 1781 723 satir
1829 654 1906 724 di
1949 658 2158 742 nocte,
2193 650 2397 744 idest,
2435 651 2832 725 ascendere
2866 673 3164 725 sursum

815 793 945 868 per
981 771 1520 868 purgatorium,
1550 775 1722 864 sora
1764 774 1902 863 eyli
1932 774 2282 863 impedito,
2317 770 2589 846 scilicet
2622 771 2717 846 ab
2753 772 3003 866 aliquo
3040 772 3166 867 qui

812 893 1079 967 habeat
1132 887 1537 965 custodiam
1593 892 1753 983 loci,
1817 912 1862 962 o
1929 883 2119 963 seria
2158 913 2305 983 pur
2355 887 2616 984 perche*
2658 913 2803 964 non
2844 899 3167 984 potesse?

813 1013 1020 1106 idest,
1052 1032 1150 1085 an
1201 1012 1338 1084 hoc
1390 1011 1629 1084 solum
1681 1012 2104 1106 proveniret
2138 1012 2233 1086 ab
2269 1011 2694 1107 impotentia
2730 1017 2923 1088 sua?
2959 1013 3163 1106 quasi

814 1131 1052 1205 dicat:
1105 1151 1202 1205 an
1262 1151 1489 1206 causa
1557 1131 1760 1205 istius
1821 1132 2322 1227 prohibitionis
2386 1140 2579 1207 esset
2641 1153 2686 1207 a
2749 1155 2830 1207 se
2896 1135 3012 1208 vel
3073 1134 3167 1209 ab

815 1252 980 1326 ali0.
1011 1252 1098 1324 Et
1123 1252 1323 1346 ponit
1361 1252 1908 1347 responsionem
1937 1253 2240 1327 Sordelli
2278 1254 2370 1327 ad
2406 1255 2888 1347 quaestionem
2927 1277 3163 1350 suam,

817 1370 1109 1445 dicens:
1166 1394 1203 1444 e
1228 1373 1278 1443 ’l
1323 1372 1505 1444 buon
1557 1376 1882 1446 Sordelto
1928 1376 2002 1446 in
2055 1381 2250 1446 terra
2277 1367 2487 1474 sreyd
2527 1376 2582 1446 il
2627 1377 2796 1466 dito,
2836 1376 3164 1451 faciendo

820 1514 1045 1567 unam
1099 1492 1393 1587 lineam,
1443 1496 1774 1567 dicendo:
1827 1496 2006 1586 vedi,
2064 1497 2221 1566 sola
2278 1501 2515 1585 questa
2578 1498 2745 1586 riya
2794 1516 2939 1569 non
2990 1518 3164 1570 var-

813 1615 1126 1706 chnestt',
1176 1613 1381 1706 idest,
1437 1614 1748 1688 transire
1799 1634 2069 1709 posseS,
2105 1617 2271 1706 dipo
2303 1617 2359 1687 il
2386 1618 2501 1688 sol
2521 1619 2808 1708 partito.
2848 1617 2989 1691 Per
3028 1618 3166 1692 hoc

815 1734 940 1809 dat
991 1733 1313 1830 intelligi,
1349 1734 1551 1828 quod
1593 1736 1816 1809 homo
1870 1756 2016 1808 non
2068 1740 2304 1830 potest
2352 1735 2463 1811 ire
2513 1735 2606 1809 ad
2657 1736 3159 1831 poenitentiam

818 1860 892 1928 et
942 1854 1316 1948 virtutem,
1374 1854 1509 1927 nisi
1559 1855 1668 1928 sol
1717 1855 1979 1929 divinae
2031 1854 2287 1951 gratiae
2336 1856 2579 1930 luceat
2623 1876 2845 1950 super
2898 1858 3159 1952 ipsum.

816 1977 907 2049 Et
953 1976 1273 2073 assignat
1323 1995 1649 2069 causam,
1702 1977 1875 2068 quia
1939 1977 2162 2050 homo
2226 1983 2459 2070 potest
2520 1977 2797 2052 habere
2845 1978 3161 2074 gratiam

819 2094 1114 2190 quando
1166 2096 1371 2189 vult3
1439 2094 1635 2169 unde
1697 2095 1913 2169 dicit:
1967 2117 2111 2169 non
2155 2088 2334 2187 perc)
2383 2099 2485 2170 αι’
2514 2101 2705 2170 altra
2756 2118 2922 2170 cosa
2971 2102 3164 2171 desse

821 2215 1031 2306 briqa
1096 2217 1195 2287 ad
1250 2218 1319 2287 ir
1366 2237 1559 2306 sum,
1610 2218 1729 2288 che
1779 2220 1852 2289 la
1904 2224 2234 2290 notturna
2287 2219 2597 2309 tenebra,
2666 2218 2874 2311 quasi
2906 2219 3161 2293 dicat:

820 2336 973 2409 sola
1028 2335 1330 2411 tenebra
1382 2335 1657 2430 peccati
1708 2342 1818 2410 est
1869 2337 1988 2411 illa
2041 2359 2209 2430 quae
2260 2339 2610 2413 obscurat
2643 2339 2836 2414 viam
2886 2359 3164 2435 purga-

820 2456 984 2529 torii
1015 2463 1018 2464 ’
1054 2455 1376 2549 homini3
1453 2455 1616 2529 ideo
1674 2456 1889 2530 dicit:
1974 2461 2225 2548 quella,
2295 2458 2586 2552 seilicet,
2653 2458 2957 2533 tenebra
3026 2478 3160 2532 no-

821 2581 1109 2669 cturna,
1160 2579 1423 2667 intr-iqa
1499 2579 1571 2649 Ia
1624 2580 1885 2669 voylia,
1937 2577 2142 2672 idest,
2195 2578 2494 2674 impedit
2543 2585 2618 2654 et
2665 2578 2986 2673 implicat
3036 2600 3160 2655 vo-

817 2695 1200 2791 luntatem,
1255 2695 1426 2790 quia
1458 2687 1529 2789 (¹)
1586 2717 1734 2793 non
1784 2697 2136 2793 permittit
2187 2699 2558 2773 hominem
2616 2699 2832 2793 velle,
2873 2702 2985 2772 col
3020 2720 3165 2773 non

816 2824 1082 2908 potere,
1124 2817 1297 2910 quia
1342 2838 1486 2891 non
1530 2824 1789 2912 potest,
1826 2818 2023 2911 quod
2077 2839 2223 2892 non
2274 2819 2470 2912 vult3
2507 2826 2582 2893 et
2626 2819 2729 2894 sic
2764 2819 2930 2895 vide
2966 2821 3162 2914 quod

820 2936 1044 3009 homo
1097 2942 1206 3009 est
1255 2936 1389 3009 sibi
1430 2957 1677 3030 causa,
1715 2937 1889 3030 quia
1916 2928 1989 3029 (²)
2031 2958 2175 3010 non
2217 2937 2372 3011 vult
2423 2944 2494 3011 et
2546 2958 2692 3012 non
2734 2945 2971 3034 potest
3007 2947 3165 3015 ten-

816 3056 995 3130 dere
1045 3055 1139 3129 ad
1191 3056 1564 3151 virtutem,
1618 3056 1790 3149 quia
1843 3077 1936 3130 ex
1987 3057 2218 3132 libero
2269 3057 2573 3131 arbitrio
2634 3058 2802 3132 facit
2866 3060 3000 3133 sibi
3053 3067 3162 3134 te-

814 3176 1120 3250 nebram
1175 3176 1475 3271 peccati,
1512 3197 1679 3269 quae
1722 3177 1961 3272 privat
2011 3177 2248 3272 ipsum
2305 3178 2586 3253 lumine
2636 3179 2827 3252 solis.
2867 3181 2954 3253 Et
2985 3179 3164 3253 Sor-

813 3294 1046 3368 dellus
1098 3294 1294 3368 addit
1345 3295 1598 3390 pulcre
1649 3296 1845 3388 quod
1898 3297 2122 3371 homo
2183 3297 2371 3371 bene
2426 3305 2670 3392 posset
2720 3299 3163 3374 descendere

815 3420 947 3490 aut
1007 3415 1584 3510 circumvagari;
1645 3416 1840 3490 unde
1908 3417 2123 3491 dicit:
2187 3418 2317 3489 ben
2374 3421 2436 3491 si
2486 3422 2704 3511 peria
2772 3426 3025 3494 torum·
3086 3424 3163 3494 in

815 3538 1016 3627 muso
1067 3555 1198 3608 con
1250 3539 1359 3626 lei,
1413 3536 1704 3629 scilicet,
1748 3557 1921 3610 cum
1981 3537 2099 3612 illa
2147 3538 2451 3613 tenebra
2489 3546 2871 3636 nocturna,
2908 3564 2947 3614 e
2984 3562 3164 3635 pas-

816 3658 1102 3747 seqqiar
1169 3660 1242 3729 la
1267 3694 1280 3703 -
1306 3663 1525 3747 costa,
1588 3655 1792 3751 idest,
1856 3657 2114 3752 ripam,
2180 3661 2463 3731 intorno
2530 3664 2874 3753 errandO,
2952 3663 3162 3757 quasi

815 3777 1045 3852 dicat:
1082 3777 1272 3852 bene
1322 3784 1557 3873 potest
1592 3777 1819 3851 relabi
1873 3779 1945 3851 in
1993 3779 2160 3853 vitia
2198 3786 2272 3854 et
2307 3781 2561 3876 vagari
2612 3803 2746 3877 per
2781 3783 2930 3877 illa,
2965 3803 3164 3858 men-

816 3906 922 3971 tre
969 3900 1088 3972 che
1138 3902 1182 3971 F
1208 3902 1570 3971 orizzonte
1621 3902 1756 3971 tien
1807 3901 2039 3971 chiuso
2090 3902 2145 3972 il
2190 3903 2356 3993 die,·
2402 3902 2611 3994 quasi
2661 3903 2875 3998 dicat,
2928 3905 3163 3980 donec

813 4018 1032 4093 duret
1084 4039 1253 4113 nox,
1291 4024 1688 4111 antequam
1742 4020 1849 4092 sol
1902 4019 2145 4094 veniat
2196 4021 2289 4094 ad
2340 4022 2767 4118 orizontem,
2823 4030 2896 4098 et
2947 4025 3162 4101 faciat

811 4138 1079 4213 lucem.
1135 4140 1274 4213 Per
1326 4140 1465 4214 hoc
1514 4139 1638 4214 dat
1688 4139 2012 4235 intelligi,
2052 4141 2249 4234 quod
2298 4142 2519 4217 homo
2571 4145 2845 4238 positus
2879 4146 2954 4220 in
2989 4166 3161 4241 pec-

812 4265 977 4332 cato
1026 4258 1313 4332 mortali
1356 4259 1544 4332 bene
1579 4265 1815 4354 potest
1850 4259 2092 4334 adhuc
2130 4259 2596 4357 descendere,
2634 4264 2816 4340 idest
2851 4285 3160 4360 peccare

810 4384 941 4452 aut
991 4378 1304 4453 circuire
1354 4378 1694 4472 errand0,
1740 4379 1948 4472 idest,
2021 4400 2156 4454 nec
2205 4382 2369 4476 plus
2419 4383 2691 4459 addere
2744 4384 3154 4463 virtutibus.

939 4625 994 4689 (¹)
1030 4632 1136 4687 117,
1171 4627 1289 4691 quia
1323 4629 1577 4692 permittit
1609 4631 1875 4681 bominem
1908 4632 2063 4683 nolle.
2314 4633 2370 4699 (⁸)
2404 4635 2464 4685 Ε.
2497 4650 2660 4701 quare
2692 4650 2815 4687 non.
