3704 5559
1353 480 1634 535 CANTUS
1684 483 2071 537 SECUNDUS.
2787 478 2876 542 57

535 626 703 700 dicti
770 624 1088 718 luminis,
1163 624 1453 698 dicens:
1525 628 1651 698 dal
1713 631 1904 718 qual,
1978 630 2248 704 scilicet
2311 632 2610 727 lumine,
2674 634 2877 729 idest,

538 746 812 842 Angelo
862 744 1248 838 luminoSO,
1301 749 1476 817 com'
1502 749 1571 818 io
1617 748 1766 820 ebbi
1820 752 2100 822 rilralto
2158 772 2255 824 un
2314 774 2491 844 poco
2551 758 2900 847 l’occhio„

538 867 741 960 idest,
794 887 968 940 cum
1034 866 1107 939 in
1172 887 1401 962 parvo
1477 875 1854 942 momento
1924 872 2399 947 removissem
2462 875 2702 949 visum
2781 877 2877 952 ab

536 1008 649 1081 e0,
713 994 784 1061 et
859 987 1382 1062 convertissem
1463 1008 1721 1062 versus
1784 989 2193 1085 Virgilium,
2262 1015 2394 1085 per
2469 998 2877 1070 domandar

535 1112 603 1183 lo
652 1111 832 1181 duca
882 1112 1049 1198 mab,
1111 1108 1312 1202 idest,
1380 1116 1461 1183 ut
1523 1110 1843 1184 dicerem
1913 1112 2210 1207 Virgilio
2242 1106 2364 1205 (¹):
2431 1136 2476 1188 o
2542 1117 2716 1209 quid
2768 1127 2877 1191 est

533 1228 722 1302 istud
775 1234 926 1301 tam
991 1228 1364 1302 mirabile!
1418 1232 1659 1303 rividil
1701 1225 1829 1322 piic
1875 1234 2145 1321 *lucente
2202 1256 2239 1305 e
2296 1239 2624 1326 Μαθθίαν
2668 1242 2873 1330 sacto,

532 1355 893 1443 quantum
954 1348 1048 1421 ad
1107 1348 1345 1421 visum
1412 1349 1570 1422 eius
1632 1359 1929 1444 propter
1992 1354 2720 1447 approximationem.
2788 1359 2877 1430 Et

528 1468 600 1541 in
653 1469 793 1541 hoc
844 1473 1015 1541 nota
1068 1468 1523 1542 velocitatem
1562 1469 1814 1565 Angeli
1860 1471 1987 1564 qui
2041 1472 2113 1543 in
2155 1473 2444 1547 instanti
2495 1483 2875 1549 transcur-

525 1593 727 1662 rerat
780 1609 1131 1682 magnum
1187 1589 1528 1682 spatium,
1581 1589 1677 1662 ita
1731 1590 1928 1682 quod
1981 1612 2204 1683 quem
2256 1594 2459 1688 prius
2507 1595 2789 1669 viderat
2828 1618 2874 1669 a

527 1710 749 1804 longe
795 1709 1317 1802 splendentem,
1360 1709 1599 1782 subito
1666 1710 1841 1784 vidit
1909 1711 2144 1805 ipsum
2207 1713 2298 1788 de
2349 1735 2576 1809 prope
2628 1717 2870 1808 splen-

529 1829 1031 1904 dentissimum
1065 1819 1162 1920 (²).
1194 1869 1291 1881 —
1315 1832 1469 1901 Poi.
1506 1829 1635 1903 Hic
1669 1835 1885 1924 poeta
1921 1830 2284 1927 descripto
2318 1834 2596 1929 Angelo
2633 1834 2706 1907 in
2740 1856 2880 1932 ge—,

526 1950 779 2043 nerali,
834 1969 1028 2023 nunc
1080 1949 1417 2023 describit
1463 1950 1699 2044 ipsum
1753 1951 1827 2022 in
1880 1952 2170 2046 speciali
2214 1960 2573 2046 quantum
2611 1955 2703 2029 ad
2746 1977 2874 2029 or-

525 2092 717 2168 gana
783 2069 1049 2163 quibus
1116 2069 1511 2143 utebatur:
1566 2076 1640 2143 et
1707 2070 1881 2164 quia
1948 2071 2159 2145 litera
2228 2078 2338 2146 est
2406 2073 2734 2168 difficilis,
2797 2076 2870 2148 in

522 2212 819 2266 summa
873 2191 1029 2265 vult
1078 2190 1344 2283 dicere,
1384 2189 1578 2282 quod
1622 2189 1796 2263 vidit
1830 2190 1979 2264 duo
2028 2192 2193 2264 alba
2245 2213 2412 2286 quae
2467 2195 2871 2269 moveban-

524 2318 647 2386 tur
700 2332 746 2384 a
794 2310 1069 2385 dextris
1120 2318 1195 2384 et
1245 2309 1547 2382 sinistris
1598 2310 1777 2404 eiuS,
1826 2320 1901 2386 et
1947 2312 2169 2404 paulo
2219 2319 2380 2405 post
2416 2312 2590 2387 vidit
2633 2315 2867 2406 quod-

521 2432 691 2506 dam
746 2432 1047 2504 tertium
1099 2431 1351 2503 album
1405 2429 1599 2522 quod
1652 2430 1872 2524 coepit
1922 2451 2279 2524 apparere
2331 2432 2467 2504 sub
2508 2453 2618 2506 e0.
2664 2435 2868 2508 Unde

522 2553 731 2627 dicit:
779 2557 904 2645 poi
955 2573 1051 2624 zm
1117 2573 1259 2624 non
1319 2574 1536 2643 sapea
1596 2554 1716 2623 che
1782 2552 2057 2640 binum,
2125 2551 2298 2644 quia
2366 2573 2512 2626 non
2579 2562 2868 2648 poterat

520 2674 716 2746 hunc
765 2672 1141 2767 percipere
1193 2671 1368 2765 quid
1417 2677 1628 2764 esset,
1682 2670 1807 2744 sed
1859 2677 2108 2763 postea
2168 2671 2395 2765 scivit,
2449 2675 2538 2744 m’
2566 2670 2868 2765 appario

521 2796 588 2867 d'
616 2797 784 2884 oym'
832 2796 974 2866 laco
1024 2794 1124 2865 ad
1172 2813 1349 2882 6880,
1404 2792 1499 2865 ita
1549 2790 1744 2884 quod
1796 2791 2048 2863 lumen
2085 2790 2260 2863 illud
2296 2791 2613 2865 rubeum
2654 2795 2865 2866 flam-

520 2920 803 2988 matum
860 2912 1202 2986 rutilabat
1253 2913 1441 2985 inter
1476 2911 1624 2984 duo
1660 2911 1824 2984 alba
1859 2910 2390 3003 candidissima,
2432 2933 2469 2983 e
2508 2933 2604 2985 un
2655 2917 2864 3009 altro,

523 3034 812 3126 scilicet,
883 3032 1158 3125 album,
1234 3025 1448 3120 usci0,
1526 3030 1730 3123 idest,
1808 3031 2171 3124 apparuit,
2241 3034 2316 3104 di
2387 3039 2563 3104 sollo
2635 3054 2682 3104 α
2750 3036 2865 3129 lui,

521 3153 704 3228 idest
734 3145 834 3246 (³),
887 3153 978 3227 de
1030 3153 1166 3225 sub
1218 3152 1337 3224 illo
1388 3151 1669 3224 lumine
1702 3150 1962 3244 primo,
2000 3150 2086 3221 Et
2126 3150 2243 3223 hic
2280 3156 2452 3224 nota
2494 3151 2690 3244 quod
2732 3153 2867 3225 ali-

517 3274 642 3367 qui
677 3273 1057 3347 credentes
1098 3272 1456 3345 subtiliter
1503 3289 1876 3365 exponere
1916 3269 2128 3342 istam
2173 3270 2483 3363 literam,
2519 3270 2865 3345 dixerunt

518 3393 713 3487 quod
767 3394 901 3466 ista
949 3394 1098 3467 duo
1147 3392 1312 3467 alba
1374 3397 1584 3465 erant
1645 3390 1793 3463 duo
1854 3389 2106 3484 Angeli
2169 3389 2623 3464 collaterales
2692 3391 2863 3466 dicti

518 3513 809 3609 Angeli3
862 3519 937 3585 et
986 3512 1287 3585 tertium
1338 3511 1588 3584 album
1627 3517 1786 3583 erat
1821 3509 2081 3583 tertius
2131 3510 2454 3606 Angelus
2504 3511 2576 3582 in
2629 3512 2862 3602 socie-

518 3638 668 3708 tate
718 3632 876 3705 eius
928 3631 1158 3704 induti
1208 3629 1525 3704 candidis
1589 3629 2080 3722 vestimentis;
2134 3629 2262 3702 sed
2324 3629 2435 3702 isti
2495 3631 2862 3705 somniant

516 3754 761 3828 nescio
813 3752 1008 3846 quid.
1064 3752 1232 3825 Ideo
1282 3750 1395 3824 dic
1447 3749 1643 3844 quod
1696 3749 1844 3822 duo
1896 3749 2063 3823 alba
2107 3758 2316 3824 erant
2356 3749 2523 3822 duae
2556 3750 2693 3822 alae
2728 3772 2861 3824 vo-

518 3874 748 3948 lantes
801 3879 874 3946 et
908 3871 1336 3945 ventilantes
1380 3869 1571 3942 illius
1605 3869 1862 3964 Angeli
1900 3867 2126 3963 igniti,
2163 3887 2332 3960 quae
2364 3867 2685 3962 figurant
2720 3890 2861 3963 pu-

517 3993 809 4067 ritatem
863 3992 1020 4065 eius
1071 3998 1146 4065 et
1197 3989 1678 4064 velocitatem.
1733 3988 2053 4062 Licentia
2104 3987 2297 4060 enim
2353 3995 2737 4082 poetarum
2786 3998 2861 4064 et

518 4115 878 4210 pictorum
917 4111 1248 4186 attribuit
1281 4111 1432 4185 alas
1461 4111 1761 4205 AngeIO,
1792 4115 1876 4181 ut
1911 4114 2168 4181 notum
2206 4115 2316 4182 est
2350 4109 2544 4203 apud
2578 4130 2857 4185 omnes,

519 4236 845 4310 Tertium
901 4254 1079 4306 vero
1130 4233 1380 4305 album
1435 4238 1594 4304 erat
1647 4229 1987 4323 quaedam
2026 4229 2362 4304 navicula
2403 4231 2594 4324 alba,
2630 4252 2857 4323 quam

513 4355 817 4452 regebat
852 4353 1172 4448 Angelus
1214 4352 1351 4425 sub
1386 4373 1487 4445 se,
1543 4352 1615 4424 in
1668 4371 1817 4445 qua
1866 4351 2255 4443 portabant
2287 4339 2357 4442 (⁴)
2409 4373 2638 4424 unum
2682 4373 2858 4448 gre-

635 4539 690 4602 (“)
726 4540 786 4589 E.
820 4539 1071 4602 Virgilio:
1102 4539 1225 4602 quid
1257 4542 1351 4587 est.
1725 4536 1780 4598 (¹)
1814 4536 1865 4585 S.
1899 4537 2384 4598 splendidissimum.

636 4617 692 4681 (¹)
727 4620 833 4675 11⁷,
867 4616 1013 4677 idest,
1047 4614 1143 4664 sub
1174 4614 1284 4665 illo.
1723 4613 1779 4675 (⁸)
1812 4613 1872 4662 E.
1908 4612 2160 4675 portabat.
