3704 5559
893 485 1035 548 400
1612 495 2020 549 couENTUM
2071 495 2512 550 PURGATonn

885 642 1094 714 Nunc
1141 641 1232 714 ad
1292 640 1619 715 literam:
1673 640 1842 716 dicit
1894 646 2110 735 poeta
2162 640 2593 714 continuans
2656 646 2941 735 partem
3007 638 3224 733 parti:

894 764 1097 833 Come
1158 764 1257 833 da
1322 763 1435 847 lei,
1495 760 1698 853 idest,
1765 760 1860 833 ab
1938 760 2058 832 illa
2134 780 2318 834 voce
2374 758 2637 854 prima,
2702 762 2747 831 ἴ
2771 762 2936 831 udir
2985 764 3227 831 nostro

883 880 1042 951 ebbe
1091 886 1363 971 aequa,-
1406 877 1611 970 idest,
1660 877 1957 952 auditus
2009 884 2256 952 noster
2307 877 2561 952 babuit
2607 877 2975 972 quietem3
3017 875 3228 970 quasi

882 999 1108 1073 dicat:
1162 999 1408 1072 statim
1459 1019 1632 1073 cum
1686 999 2137 1074 cessavimus
2189 997 2446 1073 audire
2512 997 2707 1072 illam
2769 1017 3027 1072 vocem
3079 996 3230 1091 pri-

885 1140 1112 1212 mam,
1147 1122 1235 1192 θα
1265 1140 1421 1192 ecco
1464 1123 1509 1192 ἴ
1536 1122 1754 1210 altra,
1791 1119 2085 1212 scilicet,
2123 1119 2444 1194 secunda
2479 1138 2627 1192 vox
2659 1118 3003 1193 terribilis
3036 1117 3228 1190 inso-

886 1239 1066 1331 nuit,
1120 1261 1252 1312 con
1299 1231 1361 1311 si
1408 1260 1600 1330 yran
1641 1243 1999 1333 fracasw,
2050 1239 2233 1314 idest
2258 1232 2357 1332 (¹),
2411 1238 2705 1335 fragore
2755 1239 2969 1331 aeriS,
3024 1259 3068 1310 a
3133 1238 3228 1311 si-

886 1359 1057 1452 mili,
1110 1362 1229 1432 che
1276 1351 1596 1449 somiylio
1640 1366 1849 1432 tonar
1900 1361 2019 1431 che
2073 1367 2246 1433 tosto
2305 1380 2543 1450 sequa,
2592 1359 2764 1452 quia
2814 1359 3003 1432 sicut
3037 1378 3227 1453 saepe

883 1485 1046 1574 post
1098 1500 1332 1552 unum
1386 1499 1743 1574 magnum
1796 1480 2206 1553 tonitruum
2268 1480 2602 1573 sequitur
2642 1478 2861 1572 aliud,
2899 1479 2999 1552 ita
3034 1498 3228 1551 nunc

883 1603 1045 1691 post
1086 1619 1312 1673 unam
1349 1619 1607 1674 vocem
1645 1598 2049 1674 terribilem
2088 1606 2341 1674 secuta
2376 1605 2487 1673 est
2519 1599 2680 1673 alia.
2719 1598 2807 1670 Et
2846 1617 3021 1671 ecce
3054 1596 3228 1691 quid

882 1716 1093 1791 dixit:
1136 1721 1207 1790 io
1239 1739 1416 1790 sono
1450 1721 1797 1809 Aqlauro,
1839 1719 2107 1793 mulier
2149 1719 2492 1815 maligna,
2529 1721 2648 1791 che
2688 1721 2967 1791 divenni
3004 1738 3223 1789 sasso.

881 1842 969 1913 Et
1018 1860 1164 1913 non
1216 1839 1451 1913 dicas:
1505 1839 1679 1933 quid
1733 1839 1952 1914 babet
2001 1839 2246 1913 facere
2293 1839 2470 1913 Cain
2521 1840 2902 1933 pessimus,
2939 1838 3067 1932 qui
3118 1843 3226 1912 est

881 1960 958 2032 in
994 1964 1248 2032 centro
1282 1958 1566 2051 inferni,
1597 1958 1669 2030 in
1706 1958 2133 2053 purgatorio
2154 1963 2187 2029 Ἰ
2219 1958 2573 2051 similiter,
2611 1957 2783 2051 quid
2816 1958 3173 2054 Aglauros
3195 1961 3228 2029 7

884 2077 1079 2171 quia,
1141 2076 1626 2172 respondebo,
1679 2076 1899 2149 nibil:
1953 2077 2078 2151 sed
2137 2083 2354 2173 poeta
2417 2076 2622 2173 fingit
2680 2097 2899 2152 voces
2956 2061 3223 2151 'eorum

886 2195 1229 2269 insonare
1277 2195 1585 2269 auribus
1636 2196 2110 2290 purgantium
2165 2216 2279 2271 se:
2333 2196 2529 2272 unde
2581 2197 2822 2270 statim
2870 2196 3071 2291 ponit
3121 2195 3231 2269 es-

885 2315 1160 2389 sectum
1215 2313 1413 2388 vocis
1463 2314 1730 2407 dicenS,
1773 2314 1974 2407 quod
2024 2316 2268 2389 statim
2310 2315 2611 2390 adhaesit
2651 2315 2990 2411 Virgili03
3033 2316 3228 2389 unde

885 2432 1091 2506 dicit:
1146 2440 1212 2506 et
1257 2436 1468 2523 altor,
1522 2432 1723 2527 idest,
1789 2440 1986 2527 tunc,
2050 2439 2187 2529 feci
2238 2439 2295 2508 il
2342 2457 2562 2528 passo
2624 2438 2923 2509 indietro
2989 2458 3026 2507 e
3083 2456 3225 2506 non

883 2557 1203 2644 innanzi,
1272 2555 1480 2647 quasi
1530 2554 1758 2629 dicat:
1813 2558 2090 2631 retraxi
2143 2578 2286 2651 me,
2340 2564 2414 2631 et
2465 2579 2611 2631 non
2668 2558 2988 2652 processi
3040 2557 3228 2633 ulte—

886 2673 1063 2767 riuS,
1119 2680 1199 2747 ut
1249 2674 1591 2771 Virgilius
1617 2666 1693 2766 (²)
1745 2695 1826 2750 se
1884 2675 2235 2770 firmaret,
2289 2684 2363 2750 et
2430 2696 2571 2772 ego
2623 2676 3078 2751 adbaererem
3132 2678 3220 2751 ei.

883 2795 1087 2869 Unde
1137 2794 1344 2869 dicit:
1389 2816 1524 2887 per
1570 2799 2058 2887 resmnyermi
2105 2800 2184 2870 al
2208 2805 2476 2890 -poeta5
2517 2798 2724 2891 quasi
2776 2797 2992 2892 dicat,
3029 2799 3223 2892 quod

884 2913 1178 2988 reduxit
1228 2933 1308 2987 se
1357 2914 1451 2988 ad
1502 2915 1861 2990 rationem
1916 2917 2180 2990 timens
2233 2917 2392 2991 fieri
2442 2937 2730 2992 saxum.
2775 2917 2981 2991 Sicut
3031 2918 3225 2993 enim

884 3032 1225 3129 Virgilius
1275 3033 1534 3107 clausit
1585 3034 1719 3107 sibi
1770 3037 2027 3109 oculos
2078 3036 2150 3108 in
2203 3036 2487 3110 inferno
2537 3042 2622 3108 ut
2671 3036 2965 3131 fugeret
3013 3056 3227 3131 aspe-

883 3159 1084 3226 ctum
1138 3153 1476 3247 Medusae,
1530 3175 1698 3247 quae
1751 3157 2227 3229 convertebat
2272 3155 2607 3230 homines
2659 3156 2733 3228 in
2782 3176 3070 3248 saxum,
3122 3157 3219 3230 ita

884 3271 1057 3365 ipse,
1112 3291 1308 3344 nunc
1359 3292 1488 3366 per
1553 3293 1633 3347 se
1692 3273 1949 3347 fortior
1999 3296 2223 3367 quam
2277 3275 2351 3348 in
2402 3276 2709 3369 inferno,
2764 3276 3078 3349 recurrit
3126 3274 3216 3349 ad

882 3389 1263 3484 Virgilium
1318 3396 1401 3463 ut
1449 3392 1714 3467 vitaret
1763 3393 2132 3487 invidiam,
2186 3415 2354 3488 quae
2418 3395 2749 3470 similiter
2808 3395 3028 3469 babet
3091 3396 3226 3469 bo-

884 3508 1120 3583 mines
1168 3509 1569 3584 saxificare.
1624 3512 1711 3584 Et
1762 3511 1878 3587 bic
1937 3519 2213 3589 attente
2289 3515 2717 3609 notandum,
2772 3515 2969 3610 quod
3031 3515 3223 3588 Dan-

884 3637 993 3704 tes
1056 3651 1323 3726 magna
1382 3637 1542 3705 arte
1604 3652 1697 3707 ex
1766 3633 2110 3707 omnibus
2174 3634 2484 3708 historiis
2542 3634 3076 3729 pertinentibus
3133 3635 3222 3708 ad

882 3750 1251 3844 invidiam,
1304 3750 1521 3847 elegit
1570 3751 1702 3825 sibi
1767 3752 1861 3827 ad
1925 3774 2148 3827 suum
2202 3755 2653 3850 propositum
2708 3753 2943 3847 istam,
2998 3775 3223 3848 quam

881 3871 1114 3968 tetigit
1164 3872 1486 3946 breviter
1537 3871 1610 3944 in
1662 3893 1813 3947 uno
1848 3873 2250 3968 versiculo,
2304 3874 2512 3967 quasi
2562 3874 2809 3947 dicens
2864 3873 3110 3947 tacite:
3165 3872 3221 3946 si

883 3991 988 4063 vis
1039 3993 1251 4086 plene
1302 3993 1490 4067 scire
1541 4013 1765 4086 quam
1819 3994 2246 4087 pestiferum
2310 3999 2721 4067 monstrum
2781 3993 2872 4065 sit
2933 3993 3221 4085 invidia,

880 4110 1046 4185 vide
1095 4111 1456 4205 Ovidium,
1511 4111 1636 4185 ubi
1686 4112 2027 4186 describit
2077 4113 2400 4188 fabulam
2452 4113 2835 4208 AglauroS,
2900 4112 3072 4205 quia
3122 4111 3222 4185 ibi

880 4231 1255 4325 eleganter
1289 4230 1630 4304 describit
1663 4232 1970 4306 domum
2005 4233 2291 4308 invidiae
2333 4253 2501 4326 quae
2536 4233 2780 4306 infecit
2821 4231 3221 4328 Aglauros3

880 4368 1013 4442 per
1066 4357 1288 4441 quam
1341 4349 1648 4423 domum
1700 4350 2030 4448 intelligit
2090 4374 2219 4427 cor
2278 4352 2522 4446 invidi,
2576 4351 2775 4445 quod
2827 4357 2936 4432 est
2985 4350 3225 4425 domi-

1007 4613 1063 4675 (¹)
1097 4613 1158 4663 E·
1190 4614 1334 4675 idflst,
1370 4629 1492 4666 cum
1522 4616 1747 4681 fragore.
2094 4619 2149 4684 (‘)
2184 4627 2291 4684 11⁷,
2324 4622 2574 4687 Virgilius
2607 4623 2715 4685 ipse
2748 4634 2803 4671 se
2834 4620 3083 4670 firmaret.
