3704 5559
2725 488 2867 554 245

526 878 855 947 CANTUS
917 865 1225 957 NONUS,
1286 878 1399 943 ubi
1455 883 1688 944 tractat
1747 879 1908 943 sicut
1971 879 2042 942 in
2099 898 2313 944 somno
2375 879 2679 962 appamit
2744 879 2870 945 sibi

683 991 900 1075 aquila
944 990 1233 1073 quaedam
1268 1011 1407 1073 quoe
1437 992 1647 1072 ipsum
1677 992 2047 1072 exportavit,
2082 995 2141 1055 et
2178 996 2515 1074 postquam
2560 992 2869 1058 excitatus·

684 1109 776 1168 est
818 1103 983 1167 dixit
1040 1100 1351 1185 Viryilius
1393 1102 1518 1167 sibi
1561 1103 1724 1167 sicut
1782 1102 1911 1168 hoec
1968 1102 2183 1186 aquila
2230 1101 2359 1184 fuit
2404 1103 2587 1168 beata
2631 1101 2837 1169 Lucia
2848 1128 2870 1185 ,·

683 1221 742 1281 εἰ
770 1220 1000 1297 postea
1042 1213 1205 1279 sicut
1250 1214 1919 1297 appropinquaverunt
1962 1221 2223 1296 portam
2254 1217 2645 1299 puryatorii,
2693 1222 2752 1282 et
2799 1216 2877 1282 de

684 1325 905 1410 anqelo
964 1324 1197 1390 tenenti
1253 1324 1489 1405 claves5
1552 1330 1612 1390 et
1663 1324 1915 1390 Dantes
1968 1328 2173 1390 oravit
2220 1330 2447 1407 petens
2504 1328 2563 1392 ei
2629 1328 2878 1394 miseri·

683 1437 978 1515 cordiam,
1029 1441 1090 1501 et
1129 1425 1266 1517 ipse
1310 1436 1642 1518 desortpsit
1682 1436 1956 1518 frontem
2001 1435 2211 1502 Danti
2251 1457 2390 1503 cum
2432 1444 2644 1520 spata.

677 1746 884 1913 LA
937 1840 1318 1913 concubina
1353 1842 1428 1912 di
1471 1842 1702 1911 Tilone
1755 1842 2004 1910 antica
2044 1838 2441 1932 Postquam
2481 1861 2523 1912 a
2557 1833 2628 1932 (¹)
2674 1840 2876 1934 prin-

530 1960 714 2056 cipio
749 1961 967 2034 huius
1003 1961 1163 2035 libri
1200 1962 1586 2053 hucusque
1622 1966 1834 2053 poeta
1873 1966 2120 2033 noster
2158 1960 2496 2033 tractavit
2531 1967 2604 2035 et
2629 1961 2876 2036 deter-

532 2081 834 2156 minavit
882 2080 975 2154 de
1025 2080 1130 2174 iis,
1184 2080 1308 2175 qui
1362 2080 1709 2153 dicuntur
1761 2079 2066 2174 relegati
2110 2089 2318 2155 extra
2355 2082 2870 2176 purgatorium

532 2202 604 2275 in
654 2202 1258 2298 antipurgatoriO,
1296 2221 1492 2275 nunc
1544 2207 2083 2293 consequenter
2135 2200 2206 2273 in
2252 2201 2387 2274 isto
2423 2202 2517 2273 lX
2556 2203 2874 2295 capitulo

531 2323 955 2420 aggreditur
1010 2328 1401 2396 tractatum
1456 2320 1612 2395 veri
1665 2320 2092 2417 purgatorii,
2137 2320 2207 2392 in
2262 2343 2411 2415 quo
2462 2323 2873 2416 puniuntur

533 2449 605 2518 et
653 2450 1068 2540 purgantur
1134 2440 1623 2537 principaliter
1695 2440 1821 2535 qui
1890 2448 2382 2535 peccaverunt
2452 2442 2524 2514 in
2594 2450 2873 2536 septem

531 2563 842 2658 peccatis
895 2562 1347 2636 mortalibus.
1414 2563 1502 2634 Et
1554 2582 1873 2655 praesens
1926 2560 2322 2654 capitulum
2373 2568 2607 2656 potest
2657 2564 2873 2638 dividi

531 2682 602 2756 in
655 2689 977 2778 quatuor
1018 2682 1719 2778 partesgenerales;
1757 2681 1827 2753 in
1866 2680 2101 2774 prima
2141 2701 2459 2773 quarum
2499 2688 2710 2775 poeta
2748 2682 2875 2757 de-

532 2805 777 2879 scribit
827 2824 1061 2877 unum
1117 2803 1449 2877 mirabile
1500 2802 1870 2876 somnium
1916 2801 2112 2895 quod
2155 2802 2409 2874 habuit
2462 2802 2536 2875 in
2587 2825 2869 2878 somno.

528 2925 607 3016 In
658 2923 979 2999 secunda
1030 2922 1370 3016 describit
1421 2921 2098 3016 interpretationem
2173 2921 2455 3014 somnii,
2510 2921 2646 2995 ibi:
2717 2927 2875 2995 Non

531 3048 921 3119 altrimenti.
977 3044 1055 3115 In
1109 3043 1319 3117 tertia
1372 3042 1713 3117 describit
1755 3047 2040 3136 portam
2085 3046 2156 3114 et
2198 3042 2604 3135 portarium
2655 3042 2875 3117 huius

530 3163 956 3264 purgatorii,
1010 3163 1152 3237 ibi:
1208 3167 1463 3254 Lector,
1516 3169 1585 3235 tu
1638 3165 1795 3234 vedi
1844 3163 1991 3235 ben.
2046 3162 2124 3233 ln
2178 3172 2443 3255 quarta
2496 3169 2569 3237 et
2622 3164 2874 3237 ultima

532 3284 867 3361 describit
917 3304 1180 3358 eorum
1232 3281 1610 3356 introitum
1665 3282 1739 3355 in
1793 3303 2057 3356 verum
2125 3282 2665 3378 purgatorium,
2730 3283 2875 3357 ibi:

542 3411 794 3480 Cenere
854 3427 898 3477 o
962 3413 1176 3477 terra.
1241 3402 1349 3476 Ad
1412 3403 1734 3495 primum
1805 3402 2103 3476 veniens
2162 3401 2344 3497 dic0,
2407 3404 2603 3497 quod
2664 3411 2877 3498 poeta

535 3523 872 3600 describit
913 3538 1161 3596 'unum
1227 3521 1561 3595 mirabile
1612 3521 2020 3615 somnium3
2075 3521 2271 3595 unde
2328 3524 2624 3598 attende
2676 3526 2872 3619 quod

538 3647 726 3721 istud
761 3645 1161 3740 capitulum
1217 3652 1327 3718 est
1377 3642 1585 3717 valde
1638 3642 1928 3717 difficile
1964 3648 2037 3717 et
2070 3642 2353 3736 subtile,
2391 3643 2554 3717 ideo
2606 3646 2878 3739 poteris

536 3767 786 3841 videre
849 3764 908 3838 si
966 3764 1233 3837 Dantes
1299 3762 1434 3835 suit
1492 3761 1840 3835 mirabilis
1893 3769 2128 3856 poeta.
2175 3761 2440 3836 Volens
2509 3783 2687 3859 ergo
2749 3764 2878 3838 de-

540 3886 863 3962 scribere
913 3883 1280 3958 somnium
1336 3882 1573 3976 primo
1625 3883 2000 3976 praemittit
2051 3903 2418 3976 somnum,
2462 3883 2880 3959 describens

534 4010 793 4095 horam
849 4005 1197 4099 temporis
1251 4026 1397 4098 qua
1457 4003 1944 4098 obdormivit3
2007 4010 2081 4078 et
2142 4004 2664 4079 sententialiter
2730 4026 2877 4079 non

539 4130 696 4204 vult
729 4126 925 4203 aliud
968 4126 1233 4220 dicere,
1271 4125 1402 4198 nisi
1441 4124 1637 4219 quod
1689 4124 1884 4198 dedit
1923 4146 2001 4199 se
2035 4146 2317 4219 somn0,
2363 4124 2701 4221 exigente
2744 4147 2878 4200 na-

538 4258 728 4340 tura,
765 4248 957 4323 circa
1003 4246 1223 4322 finem
1276 4246 1508 4321 tertiae
1561 4248 1763 4319 horae
1806 4245 2037 4319 noctis
2069 4245 2282 4342 *Jam
2337 4255 2687 4343 surgente
2738 4270 2877 4322 au-

537 4391 706 4445 rora
760 4371 976 4462 lunae,
1031 4389 1198 4463 quae
1251 4368 1324 4441 in
1375 4376 1638 4462 quarta
1690 4368 1876 4442 bora
1921 4359 2315 4461 noctis*<’7
2352 4389 2710 4464 apparere
2746 4371 2878 4447 de-

660 4555 716 4617 (’)
748 4555 808 4604 Ε.
840 4568 869 4604 ι
903 4554 1157 4618 principio
1189 4554 1326 4605 libri.

661 4632 715 4695 (')
747 4633 818 4681 Le
854 4632 1029 4695 parole
1064 4631 1140 4681 fra
1175 4632 1192 4681 i
1226 4632 1326 4683 due
1357 4630 1623 4682 asteriscbi
1654 4643 1747 4680 son
1781 4630 2006 4693 supplite
2041 4629 2177 4695 dagli
2209 4631 2328 4681 altri
2360 4631 2494 4681 testi.
