3704 5559
828 478 922 544 86
1550 487 1958 543 coMEN'rUM
2009 488 2448 542 PURGA'ronn

825 632 1033 726 sima,
1099 652 1247 706 non
1310 631 1499 705 dicta
1568 631 1662 705 ab
1725 632 1926 705 Enea
1990 631 2177 705 sicut
2239 631 2407 705 dicit
2470 633 2762 728 vulgus,
2828 633 2977 708 imo
3042 656 3174 730 po-

827 754 971 826 tius
1020 753 1116 827 ab
1167 753 1494 826 hostibus
1547 752 2031 846 troianorum,
2085 752 2353 827 scilicet
2400 774 2446 826 a
2496 753 2777 849 graeciS.
2821 755 2943 828 Est
2977 756 3172 829 enim

821 893 1064 969 graeca
1117 873 1394 966 civitas,
1447 892 1614 966 quae
1666 872 1838 946 olim
1894 879 2153 947 vocata
2181 867 2254 965 (¹)
2293 879 2403 947 est
2436 874 2898 969 Parthenope
2930 896 2975 949 a
3020 875 3174 948 vir-

822 992 993 1090 gine
1043 992 1459 1086 conditrice,
1513 991 1766 1066 civitas
1824 993 1998 1066 olim
2060 992 2320 1067 dilecta
2372 994 2692 1090 virgilie,
2746 996 2960 1068 cuius
3021 997 3174 1090 ipse

825 1112 1160 1185 meminit
1208 1112 1281 1184 in
1334 1112 1477 1186 fine
1527 1111 1689 1185 libri
1739 1112 2297 1208 Georgicorum,
2352 1113 2479 1186 ubi
2538 1114 2754 1187 dicit:
2823 1119 2953 1187 Illo
3021 1120 3174 1188 Vir-

823 1233 1061 1323 aizium
1115 1254 1222 1305 me
1270 1239 1574 1325 tempore
1622 1236 1839 1306 dulcis
1884 1224 1958 1325 (²)
2011 1234 2264 1325 alebat,
2324 1237 2785 1326 Parthenope.
2849 1235 2957 1308 Ab
3022 1259 3170 1312 una

825 1360 1035 1447 parte
1084 1353 1417 1447 Neapolis
1470 1374 1615 1427 non
1666 1354 1883 1449 longe
1924 1375 1969 1428 a
2003 1355 2324 1428 Puteolis
2359 1361 2469 1429 est
2511 1376 2722 1429 mons
2766 1357 3171 1430 Phalernus

825 1471 1237 1548 celebratus
1288 1473 1734 1547 carminibus
1795 1480 2183 1567 poetarum
2249 1481 2544 1570 propter
2603 1478 3169 1573 praerogativam

825 1590 998 1684 vini,
1051 1598 1124 1666 et
1173 1592 1363 1666 inter
1414 1593 1859 1668 Phalernum
1914 1600 1987 1667 et
2040 1615 2248 1669 mare
2300 1602 2408 1669 est
2461 1595 2760 1688 quidam
2806 1617 3018 1670 mons
3052 1617 3171 1670 sa-

826 1732 1011 1786 xeus
1046 1712 1385 1786 manibus
1418 1713 1801 1786 hominum
1846 1721 2268 1809 excavatus,
2298 1736 2524 1808 quem
2562 1723 2829 1790 vocant
2863 1717 3170 1811 criptam

824 1832 1386 1927 neapolitanam,
1441 1854 1664 1927 quem
1720 1835 1987 1930 vulgus
2039 1835 2209 1908 dicit
2259 1857 2304 1910 a
2356 1836 2654 1933 Virgilio
2713 1837 3012 1932 magicis
3064 1838 3172 1909 in-

822 1952 1355 2027 cantationibus
1407 1954 1888 2048 perforatum,
1942 1955 2130 2028 sicut
2194 1962 2268 2029 et
2331 1956 2403 2028 in
2463 1957 2747 2031 caeteris
2813 1977 2981 2051 quae
3033 1954 3172 2027 mi-

825 2072 1053 2148 randa
1108 2072 1443 2146 videntur
1495 2073 1704 2166 visui,
1753 2075 1942 2148 sicut
1993 2075 2216 2149 etiam
2266 2076 2516 2149 dicunt
2551 2077 2749 2170 quod
2788 2077 3169 2151 castellum

826 2191 959 2264 Ovi
1039 2190 1312 2265 sactum
1389 2199 1497 2266 est
1571 2193 1664 2266 ab
1732 2194 1993 2268 eodem
2065 2196 2383 2291 Virgilio.
2464 2196 2669 2271 Unde
2737 2197 3172 2270 novissimus

827 2317 1043 2406 poeta
1093 2311 1489 2385 Petrarcha
1550 2314 1797 2387 scribit
1861 2315 2060 2408 quod
2124 2316 2618 2412 interrogatus
2677 2317 2907 2391 semel
2958 2338 3003 2391 a
3054 2338 3172 2391 se-

829 2430 1214 2505 renissimo
1267 2451 1444 2527 rege
1493 2433 1814 2507 Roberto
1867 2434 2042 2528 quid
2091 2435 2182 2510 de
2236 2437 2374 2511 hoc
2424 2436 2746 2531 sentiret,
2801 2435 3170 2530 respondit

830 2549 1175 2644 tidenter,
1226 2571 1306 2625 se
1357 2572 1738 2652 nunquam
1805 2554 2066 2649 legisse
2116 2555 2497 2653 Virgilium
2561 2555 2784 2629 fuisse
2841 2576 3170 2629 marmo-

830 2671 1109 2745 rarium
1164 2676 1291 2744 aut
1345 2671 1765 2767 lapicidam3
1804 2675 2003 2767 quod
2049 2696 2181 2749 rex
2232 2675 2643 2771 approbans
2679 2675 2819 2749 ait:
2859 2697 3005 2750 non
3041 2696 3169 2749 ve—

828 2791 1036 2888 stigia
1088 2793 1416 2889 magica),
1470 2794 1596 2867 sed
1648 2795 1822 2868 ferri
1876 2796 2015 2870 illic
2066 2817 2246 2871 esse.
2300 2798 2426 2871 Est
2476 2819 2656 2894 ergo
2710 2799 2827 2872 via
2880 2799 3169 2894 publica

826 2903 1133 3004 arcta(³)
1190 2913 1316 2986 sed
1368 2913 1786 3009 longissima
1837 2936 1969 3010 per
2014 2918 2338 2990 medium
2384 2918 2603 2992 huius
2645 2919 2914 2993 montis
2967 2925 3174 2993 tene-

824 3030 1066 3124 brosa,
1121 3038 1194 3105 et
1246 3032 1574 3106 horribili
1627 3041 1839 3108 nocte
1891 3057 2184 3131 semper
2233 3038 2574 3132 obscura,
2616 3039 2708 3113 de
2752 3060 2898 3133 qua
2952 3040 3172 3114 etiam

825 3148 999 3222 dicit
1066 3151 1334 3245 vulgus
1398 3152 1596 3226 aliud
1659 3154 2016 3249 mirabile,
2070 3157 2338 3232 scilicet
2408 3159 2606 3252 quod
2668 3159 3011 3234 inviolata
3062 3166 3174 3232 est

829 3274 1162 3363 tempore
1211 3271 1402 3364 belli,
1444 3279 1517 3345 et
1551 3274 1766 3347 nullis
1806 3275 2200 3349 latrociniis
2233 3283 2612 3372 attentata,
2655 3278 2866 3352 cuius
2907 3278 2981 3350 in
3016 3277 3170 3372 epi-

828 3388 1027 3465 stolis
1074 3388 1169 3461 ad
1218 3390 1576 3476 Lucilium
1630 3393 1908 3469 Seneca
1960 3396 2128 3471 facit
2178 3398 2649 3472 mentionem.
2687 3400 2768 3473 In
2803 3398 2950 3472 fine
2991 3419 3170 3473 vero

826 3507 1046 3581 huius
1096 3509 1390 3583 obscuri
1441 3511 1736 3608 itineriS,
1791 3516 1916 3589 ubi
1968 3517 2207 3611 primo
2242 3518 2486 3614 incipit
2523 3518 2750 3594 videri
2787 3520 3060 3593 coelum
3099 3520 3169 3593 in

826 3629 974 3702 alto
1030 3635 1278 3703 monte
1330 3629 1618 3705 videtur
1669 3637 2092 3729 sepulcrum
2134 3636 2406 3733 Virgilii
2442 3639 2682 3734 operis
2731 3639 3052 3732 antiqui,
3098 3644 3171 3712 et

826 3768 921 3823 ex
971 3750 1111 3824 hoc
1163 3750 1350 3825 sorte
1401 3759 1572 3827 nata
1623 3762 1732 3828 est
1782 3757 2024 3850 opinio
2078 3758 2275 3851 quod
2315 3758 2656 3856 Virgilius
2691 3759 2912 3833 suerit
2952 3766 3172 3833 autor

828 3869 1048 3944 huius
1099 3890 1367 3946 caveae.
1422 3872 1765 3968 Virgilius
1816 3876 2011 3949 enim
2056 3897 2368 3975 peregre
2402 3879 2747 3972 morienS,
2784 3879 2964 3953 dum
3002 3901 3173 3974 pro-

825 3989 1276 4066 ficisceretur
1326 3993 1399 4065 in
1450 3993 1809 4068 Graeciam
1864 3995 2276 4071 infirmatus
2311 3998 2383 4070 in
2428 3999 2545 4072 via
2594 3999 2786 4073 inter
2840 4005 3172 4074 extrema

824 4112 1132 4206 suspiria
1187 4113 1612 4187 recordatus
1663 4121 1772 4188 est
1823 4135 1979 4188 suae
2029 4116 2385 4212 Neapolis,
2431 4124 2504 4192 et
2555 4117 2868 4194 obtinuit
2919 4118 3175 4193 reduci

824 4229 918 4303 ad
969 4251 1158 4325 eam,
1212 4238 1295 4304 ut
1347 4254 1572 4325 quam
1624 4235 1837 4309 vivus
1888 4243 2293 4331 amaverat,
2346 4238 2732 4313 defunctus
2791 4238 3166 4314 incoleret.

827 4349 935 4424 Ab
984 4351 1122 4424 alia
1176 4356 1382 4445 parte
1432 4353 1765 4448 Neapolis
1818 4361 1928 4428 est
1979 4356 2168 4430 alius
2227 4378 2440 4432 mons
2500 4359 2674 4432 olim
2734 4358 2970 4433 dictus
3032 4357 3176 4432 Ve-

955 4538 1008 4597 (¹)
1040 4537 1101 4586 E.
1135 4537 1416 4588 vocabatur
1447 4539 1789 4603 Parthenope.
2194 4545 2248 4610 (⁸)
2279 4546 2342 4596 E.
2374 4545 2541 4596 dulcis
2571 4545 2791 4596 amabat.

954 4612 1010 4675 (⁸)
1044 4613 1105 4662 E.
1140 4620 1282 4664 arcta
1315 4612 1626 4678 longissima.
