<?xml version="1.0" encoding="UTF-8"?>
<!DOCTYPE html PUBLIC "-//W3C//DTD XHTML 1.0 Transitional//EN"
    "http://www.w3.org/TR/xhtml1/DTD/xhtml1-transitional.dtd">
<html xmlns="http://www.w3.org/1999/xhtml" xml:lang="en" lang="en">
 <head>
  <title>
</title>
<meta http-equiv="Content-Type" content="text/html;charset=utf-8" />
  <meta name='ocr-system' content='tesseract 3.04.00' />
  <meta name='ocr-capabilities' content='ocr_page ocr_carea ocr_par ocr_line ocrx_word'/>
</head>
<body>
  <div class='ocr_page' id='page_1' title='image "benvenutideramb00lacagoog_0083.png"; bbox 0 0 3704 5559; ppageno 0'>
   <div class='ocr_carea' id='block_1_1' title="bbox 1362 477 2885 543">
    <p class='ocr_par' dir='ltr' id='par_1_1' title="bbox 1362 477 2885 543">
     <span class='ocr_line' id='line_1_1' title="bbox 1362 477 2885 543; baseline 0.001 -1"><span class='ocrx_word' id='word_1_1' title='bbox 1362 488 1638 543; x_wconf 68' lang='lat' dir='ltr'>CANTUs</span> <span class='ocrx_word' id='word_1_2' title='bbox 1688 489 2076 543; x_wconf 76' lang='lat' dir='ltr'><strong>SECUNDUS·</strong></span> <span class='ocrx_word' id='word_1_3' title='bbox 2799 477 2885 543; x_wconf 86' lang='lat'>71</span> 
     </span>
    </p>
   </div>
   <div class='ocr_carea' id='block_1_2' title="bbox 544 633 2910 4453">
    <p class='ocr_par' dir='ltr' id='par_1_2' title="bbox 544 633 2910 4453">
     <span class='ocr_line' id='line_1_2' title="bbox 547 633 2893 733; baseline -0.001 -22"><span class='ocrx_word' id='word_1_4' title='bbox 547 636 744 733; x_wconf 93' lang='lat' dir='ltr'>quod</span> <span class='ocrx_word' id='word_1_5' title='bbox 781 634 1171 729; x_wconf 81' lang='lat' dir='ltr'>respondet</span> <span class='ocrx_word' id='word_1_6' title='bbox 1213 635 1514 727; x_wconf 82' lang='lat' dir='ltr'>Casella,</span> <span class='ocrx_word' id='word_1_7' title='bbox 1553 634 1752 728; x_wconf 91' lang='lat' dir='ltr'>quod</span> <span class='ocrx_word' id='word_1_8' title='bbox 1784 634 2108 729; x_wconf 78' lang='lat' dir='ltr'><strong>Angelus</strong></span> <span class='ocrx_word' id='word_1_9' title='bbox 2150 633 2274 728; x_wconf 90' lang='lat' dir='ltr'>qui</span> <span class='ocrx_word' id='word_1_10' title='bbox 2312 634 2530 709; x_wconf 90' lang='lat' dir='ltr'>habet</span> <span class='ocrx_word' id='word_1_11' title='bbox 2564 635 2893 709; x_wconf 87' lang='lat' dir='ltr'>officium</span> 
     </span>
     <span class='ocr_line' id='line_1_3' title="bbox 547 754 2895 852; baseline -0.001 -20"><span class='ocrx_word' id='word_1_12' title='bbox 547 755 1081 852; x_wconf 89' lang='lat' dir='ltr'>transportandi</span> <span class='ocrx_word' id='word_1_13' title='bbox 1133 755 1415 830; x_wconf 89' lang='lat' dir='ltr'>animas</span> <span class='ocrx_word' id='word_1_14' title='bbox 1465 754 1558 827; x_wconf 91' lang='lat' dir='ltr'>ad</span> <span class='ocrx_word' id='word_1_15' title='bbox 1609 756 2148 850; x_wconf 85' lang='lat' dir='ltr'>purgatorium,</span> <span class='ocrx_word' id='word_1_16' title='bbox 2203 755 2437 829; x_wconf 91' lang='lat' dir='ltr'>noluit</span> <span class='ocrx_word' id='word_1_17' title='bbox 2495 756 2733 850; x_wconf 92' lang='lat' dir='ltr'>ipsum</span> <span class='ocrx_word' id='word_1_18' title='bbox 2788 756 2895 830; x_wconf 91' lang='lat' dir='ltr'>le-</span> 
     </span>
     <span class='ocr_line' id='line_1_4' title="bbox 544 875 2897 971; baseline -0.003 -15"><span class='ocrx_word' id='word_1_19' title='bbox 544 900 725 956; x_wconf 85' lang='lat' dir='ltr'>vare</span> <span class='ocrx_word' id='word_1_20' title='bbox 776 878 1023 971; x_wconf 69' lang='grc'><strong>011105,</strong></span> <span class='ocrx_word' id='word_1_21' title='bbox 1078 883 1152 950; x_wconf 95' lang='lat' dir='ltr'>et</span> <span class='ocrx_word' id='word_1_22' title='bbox 1192 876 1368 970; x_wconf 89' lang='lat' dir='ltr'>jure</span> <span class='ocrx_word' id='word_1_23' title='bbox 1419 875 1694 969; x_wconf 90' lang='lat' dir='ltr'>optimo</span> <span class='ocrx_word' id='word_1_24' title='bbox 1746 876 1887 949; x_wconf 87' lang='lat' dir='ltr'>hoc</span> <span class='ocrx_word' id='word_1_25' title='bbox 1941 875 2130 968; x_wconf 80' lang='lat' dir='ltr'>fecit,</span> <span class='ocrx_word' id='word_1_26' title='bbox 2169 876 2340 970; x_wconf 91' lang='lat' dir='ltr'>quia</span> <span class='ocrx_word' id='word_1_27' title='bbox 2392 877 2545 971; x_wconf 91' lang='lat' dir='ltr'>ipse</span> <span class='ocrx_word' id='word_1_28' title='bbox 2600 899 2745 951; x_wconf 93' lang='grc'>000</span> <span class='ocrx_word' id='word_1_29' title='bbox 2785 877 2897 950; x_wconf 87' lang='grc'><strong>(11-</strong></span> 
     </span>
     <span class='ocr_line' id='line_1_5' title="bbox 547 995 2896 1095; baseline -0.002 -20"><span class='ocrx_word' id='word_1_30' title='bbox 547 999 824 1095; x_wconf 88' lang='lat' dir='ltr'>sposuit</span> <span class='ocrx_word' id='word_1_31' title='bbox 873 1020 953 1072; x_wconf 92' lang='lat' dir='ltr'>se</span> <span class='ocrx_word' id='word_1_32' title='bbox 1004 997 1238 1089; x_wconf 81' lang='lat' dir='ltr'>citiuS‚</span> <span class='ocrx_word' id='word_1_33' title='bbox 1292 996 1418 1070; x_wconf 91' lang='lat' dir='ltr'>sed</span> <span class='ocrx_word' id='word_1_34' title='bbox 1469 995 1780 1070; x_wconf 89' lang='lat' dir='ltr'>finaliter</span> <span class='ocrx_word' id='word_1_35' title='bbox 1834 996 1907 1068; x_wconf 90' lang='lat' dir='ltr'>in</span> <span class='ocrx_word' id='word_1_36' title='bbox 1961 996 2080 1069; x_wconf 92' lang='lat' dir='ltr'>illo</span> <span class='ocrx_word' id='word_1_37' title='bbox 2131 1017 2325 1071; x_wconf 93' lang='lat' dir='ltr'>anno</span> <span class='ocrx_word' id='word_1_38' title='bbox 2378 997 2658 1092; x_wconf 86' lang='lat' dir='ltr'>jubilaei</span> <span class='ocrx_word' id='word_1_39' title='bbox 2719 997 2896 1092; x_wconf 90' lang='lat' dir='ltr'>ipse,</span> 
     </span>
     <span class='ocr_line' id='line_1_6' title="bbox 547 1115 2899 1210; baseline -0.002 -16"><span class='ocrx_word' id='word_1_40' title='bbox 547 1120 736 1194; x_wconf 85' lang='lat' dir='ltr'>sicut</span> <span class='ocrx_word' id='word_1_41' title='bbox 785 1124 860 1193; x_wconf 89' lang='lat' dir='ltr'>et</span> <span class='ocrx_word' id='word_1_42' title='bbox 911 1117 1121 1190; x_wconf 90' lang='lat' dir='ltr'>multi</span> <span class='ocrx_word' id='word_1_43' title='bbox 1174 1115 1317 1208; x_wconf 87' lang='grc'><strong>3111,</strong></span> <span class='ocrx_word' id='word_1_44' title='bbox 1371 1116 1663 1190; x_wconf 85' lang='lat' dir='ltr'>reduxit</span> <span class='ocrx_word' id='word_1_45' title='bbox 1714 1136 1794 1189; x_wconf 92' lang='lat' dir='ltr'>se</span> <span class='ocrx_word' id='word_1_46' title='bbox 1845 1116 1938 1189; x_wconf 92' lang='lat' dir='ltr'>ad</span> <span class='ocrx_word' id='word_1_47' title='bbox 1988 1116 2250 1210; x_wconf 85' lang='lat' dir='ltr'>Deum,</span> <span class='ocrx_word' id='word_1_48' title='bbox 2291 1122 2364 1190; x_wconf 92' lang='lat' dir='ltr'>et</span> <span class='ocrx_word' id='word_1_49' title='bbox 2415 1116 2771 1190; x_wconf 85' lang='lat' dir='ltr'>contritus</span> <span class='ocrx_word' id='word_1_50' title='bbox 2825 1122 2899 1190; x_wconf 90' lang='lat' dir='ltr'>et</span> 
     </span>
     <span class='ocr_line' id='line_1_7' title="bbox 549 1235 2899 1331; baseline -0.002 -16"><span class='ocrx_word' id='word_1_51' title='bbox 549 1239 921 1315; x_wconf 85' lang='lat' dir='ltr'>confessus</span> <span class='ocrx_word' id='word_1_52' title='bbox 974 1235 1101 1309; x_wconf 92' lang='lat' dir='ltr'>ivit</span> <span class='ocrx_word' id='word_1_53' title='bbox 1151 1237 1464 1309; x_wconf 84' lang='lat' dir='ltr'>Romam</span> <span class='ocrx_word' id='word_1_54' title='bbox 1501 1256 1633 1328; x_wconf 91' lang='lat' dir='ltr'>pro</span> <span class='ocrx_word' id='word_1_55' title='bbox 1670 1235 2140 1331; x_wconf 83' lang='lat' dir='ltr'>indulgentia,</span> <span class='ocrx_word' id='word_1_56' title='bbox 2178 1241 2251 1309; x_wconf 92' lang='lat' dir='ltr'>et</span> <span class='ocrx_word' id='word_1_57' title='bbox 2286 1235 2504 1330; x_wconf 91' lang='lat' dir='ltr'>paulo</span> <span class='ocrx_word' id='word_1_58' title='bbox 2539 1242 2699 1330; x_wconf 91' lang='lat' dir='ltr'>post</span> <span class='ocrx_word' id='word_1_59' title='bbox 2737 1255 2899 1310; x_wconf 91' lang='lat' dir='ltr'>me-</span> 
     </span>
     <span class='ocr_line' id='line_1_8' title="bbox 549 1355 2899 1452; baseline -0.002 -19"><span class='ocrx_word' id='word_1_60' title='bbox 549 1360 697 1434; x_wconf 89' lang='lat' dir='ltr'>ruit</span> <span class='ocrx_word' id='word_1_61' title='bbox 746 1357 979 1433; x_wconf 84' lang='lat' dir='ltr'>levari</span> <span class='ocrx_word' id='word_1_62' title='bbox 1029 1356 1123 1430; x_wconf 90' lang='lat' dir='ltr'>ab</span> <span class='ocrx_word' id='word_1_63' title='bbox 1174 1356 1471 1452; x_wconf 87' lang='lat' dir='ltr'>Angelo.</span> <span class='ocrx_word' id='word_1_64' title='bbox 1512 1356 1695 1428; x_wconf 80' lang='lat' dir='ltr'>Dicit</span> <span class='ocrx_word' id='word_1_65' title='bbox 1730 1376 1911 1452; x_wconf 89' lang='lat' dir='ltr'>ergo</span> <span class='ocrx_word' id='word_1_66' title='bbox 1965 1362 2179 1450; x_wconf 85' lang='lat' dir='ltr'>poeta</span> <span class='ocrx_word' id='word_1_67' title='bbox 2231 1355 2510 1450; x_wconf 91' lang='lat' dir='ltr'>primo:</span> <span class='ocrx_word' id='word_1_68' title='bbox 2565 1378 2684 1428; x_wconf 89' lang='lat' dir='ltr'>ma</span> <span class='ocrx_word' id='word_1_69' title='bbox 2736 1377 2783 1427; x_wconf 83' lang='lat' dir='ltr'>a</span> <span class='ocrx_word' id='word_1_70' title='bbox 2838 1363 2899 1428; x_wconf 82' lang='lat' dir='ltr'>le</span> 
     </span>
     <span class='ocr_line' id='line_1_9' title="bbox 547 1475 2900 1571; baseline -0.001 -19"><span class='ocrx_word' id='word_1_71' title='bbox 547 1483 723 1561; x_wconf 73' lang='lat' dir='ltr'>com&#39;</span> <span class='ocrx_word' id='word_1_72' title='bbox 750 1475 790 1552; x_wconf 67' lang='lat' dir='ltr'>e*</span> <span class='ocrx_word' id='word_1_73' title='bbox 836 1485 1031 1551; x_wconf 80' lang='lat' dir='ltr'>lanta</span> <span class='ocrx_word' id='word_1_74' title='bbox 1083 1498 1219 1549; x_wconf 85' lang='lat' dir='ltr'>ora</span> <span class='ocrx_word' id='word_1_75' title='bbox 1272 1480 1438 1549; x_wconf 81' lang='lat' dir='ltr'>tolca</span> <span class='ocrx_word' id='word_1_76' title='bbox 1466 1484 1503 1548; x_wconf 81' lang='lat'><em>?</em></span> <span class='ocrx_word' id='word_1_77' title='bbox 1537 1476 1741 1569; x_wconf 82' lang='lat' dir='ltr'>idest,</span> <span class='ocrx_word' id='word_1_78' title='bbox 1779 1484 1854 1549; x_wconf 94' lang='lat' dir='ltr'>et</span> <span class='ocrx_word' id='word_1_79' title='bbox 1889 1483 1968 1548; x_wconf 89' lang='lat' dir='ltr'>tu</span> <span class='ocrx_word' id='word_1_80' title='bbox 2025 1497 2259 1570; x_wconf 90' lang='lat' dir='ltr'>quare</span> <span class='ocrx_word' id='word_1_81' title='bbox 2311 1483 2510 1549; x_wconf 87' lang='lat' dir='ltr'>tanto</span> <span class='ocrx_word' id='word_1_82' title='bbox 2567 1483 2900 1571; x_wconf 89' lang='lat' dir='ltr'>tempore</span> 
     </span>
     <span class='ocr_line' id='line_1_10' title="bbox 549 1597 2895 1690; baseline -0.004 -13"><span class='ocrx_word' id='word_1_83' title='bbox 549 1600 880 1677; x_wconf 83' lang='lat' dir='ltr'>distulisti</span> <span class='ocrx_word' id='word_1_84' title='bbox 934 1597 1187 1673; x_wconf 90' lang='lat' dir='ltr'>venire</span> <span class='ocrx_word' id='word_1_85' title='bbox 1253 1599 1460 1669; x_wconf 79' lang='lat' dir='ltr'>huc?</span> <span class='ocrx_word' id='word_1_86' title='bbox 1526 1603 1597 1669; x_wconf 89' lang='lat' dir='ltr'>et</span> <span class='ocrx_word' id='word_1_87' title='bbox 1662 1597 2010 1670; x_wconf 87' lang='lat' dir='ltr'>continuo</span> <span class='ocrx_word' id='word_1_88' title='bbox 2078 1597 2278 1690; x_wconf 93' lang='lat' dir='ltr'>ponit</span> <span class='ocrx_word' id='word_1_89' title='bbox 2347 1597 2895 1689; x_wconf 87' lang='lat' dir='ltr'>responsionem</span> 
     </span>
     <span class='ocr_line' id='line_1_11' title="bbox 552 1717 2899 1815; baseline -0.004 -18"><span class='ocrx_word' id='word_1_90' title='bbox 552 1721 873 1815; x_wconf 83' lang='lat' dir='ltr'>Casellae,</span> <span class='ocrx_word' id='word_1_91' title='bbox 920 1720 1203 1794; x_wconf 88' lang='lat' dir='ltr'>dicens:</span> <span class='ocrx_word' id='word_1_92' title='bbox 1241 1724 1308 1790; x_wconf 82' lang='lat' dir='ltr'>et</span> <span class='ocrx_word' id='word_1_93' title='bbox 1353 1720 1466 1789; x_wconf 83' lang='lat' dir='ltr'>elli</span> <span class='ocrx_word' id='word_1_94' title='bbox 1504 1739 1551 1788; x_wconf 89' lang='lat' dir='ltr'>a</span> <span class='ocrx_word' id='word_1_95' title='bbox 1589 1738 1734 1788; x_wconf 81' lang='lat' dir='ltr'>me:</span> <span class='ocrx_word' id='word_1_96' title='bbox 1769 1717 2042 1790; x_wconf 85' lang='lat' dir='ltr'>seilieet</span> <span class='ocrx_word' id='word_1_97' title='bbox 2077 1717 2353 1790; x_wconf 91' lang='lat' dir='ltr'>Casella</span> <span class='ocrx_word' id='word_1_98' title='bbox 2390 1725 2648 1790; x_wconf 87' lang='lat' dir='ltr'>cantor</span> <span class='ocrx_word' id='word_1_99' title='bbox 2681 1717 2899 1789; x_wconf 88' lang='lat' dir='ltr'>dixit:</span> 
     </span>
     <span class='ocr_line' id='line_1_12' title="bbox 555 1836 2900 1932; baseline -0.003 -17"><span class='ocrx_word' id='word_1_100' title='bbox 555 1863 807 1915; x_wconf 78' lang='lat' dir='ltr'>nessun</span> <span class='ocrx_word' id='word_1_101' title='bbox 854 1836 1013 1915; x_wconf 70' lang='lat' dir='ltr'>m&#39;e*</span> <span class='ocrx_word' id='word_1_102' title='bbox 1050 1844 1230 1932; x_wconf 77' lang='lat' dir='ltr'>fatto</span> <span class='ocrx_word' id='word_1_103' title='bbox 1279 1840 1660 1927; x_wconf 71' lang='lat' dir='ltr'>oltraqyio,</span> <span class='ocrx_word' id='word_1_104' title='bbox 1715 1836 1919 1930; x_wconf 81' lang='lat' dir='ltr'>idest,</span> <span class='ocrx_word' id='word_1_105' title='bbox 1975 1838 2172 1910; x_wconf 91' lang='lat' dir='ltr'>nulla</span> <span class='ocrx_word' id='word_1_106' title='bbox 2225 1836 2515 1929; x_wconf 82' lang='lat' dir='ltr'>iniuria,</span> <span class='ocrx_word' id='word_1_107' title='bbox 2552 1836 2750 1910; x_wconf 90' lang='lat' dir='ltr'>nulla</span> <span class='ocrx_word' id='word_1_108' title='bbox 2787 1836 2900 1909; x_wconf 93' lang='lat' dir='ltr'>in-</span> 
     </span>
     <span class='ocr_line' id='line_1_13' title="bbox 552 1957 2904 2056; baseline -0.003 -19"><span class='ocrx_word' id='word_1_109' title='bbox 552 1962 846 2056; x_wconf 88' lang='lat' dir='ltr'>iustitia,</span> <span class='ocrx_word' id='word_1_110' title='bbox 897 1983 977 2035; x_wconf 72' lang='lat' dir='ltr'>se</span> <span class='ocrx_word' id='word_1_111' title='bbox 1021 1963 1201 2052; x_wconf 78' lang='lat' dir='ltr'>quei,</span> <span class='ocrx_word' id='word_1_112' title='bbox 1244 1959 1536 2051; x_wconf 84' lang='lat' dir='ltr'>scilicet,</span> <span class='ocrx_word' id='word_1_113' title='bbox 1579 1958 1902 2053; x_wconf 82' lang='lat' dir='ltr'>Angelus</span> <span class='ocrx_word' id='word_1_114' title='bbox 1952 1958 2265 2051; x_wconf 86' lang='lat' dir='ltr'>Domini,</span> <span class='ocrx_word' id='word_1_115' title='bbox 2309 1961 2428 2030; x_wconf 77' lang='lat' dir='ltr'>che</span> <span class='ocrx_word' id='word_1_116' title='bbox 2479 1961 2661 2049; x_wconf 83' lang='lat' dir='ltr'>leva,</span> <span class='ocrx_word' id='word_1_117' title='bbox 2712 1957 2904 2031; x_wconf 90' lang='lat' dir='ltr'>scili-</span> 
     </span>
     <span class='ocr_line' id='line_1_14' title="bbox 551 2077 2902 2178; baseline -0.003 -21"><span class='ocrx_word' id='word_1_118' title='bbox 551 2093 692 2178; x_wconf 84' lang='lat' dir='ltr'>cet,</span> <span class='ocrx_word' id='word_1_119' title='bbox 741 2083 818 2154; x_wconf 89' lang='grc'>10</span> <span class='ocrx_word' id='word_1_120' title='bbox 868 2080 1060 2174; x_wconf 83' lang='lat' dir='ltr'>navi,</span> <span class='ocrx_word' id='word_1_121' title='bbox 1111 2082 1395 2173; x_wconf 83' lang='lat' dir='ltr'>quando</span> <span class='ocrx_word' id='word_1_122' title='bbox 1444 2100 1481 2150; x_wconf 84' lang='lat' dir='ltr'>e</span> <span class='ocrx_word' id='word_1_123' title='bbox 1532 2081 1642 2149; x_wconf 79' lang='lat' dir='ltr'>cui</span> <span class='ocrx_word' id='word_1_124' title='bbox 1707 2080 1757 2149; x_wconf 81' lang='lat' dir='ltr'>li</span> <span class='ocrx_word' id='word_1_125' title='bbox 1816 2080 2043 2169; x_wconf 80' lang='lat' dir='ltr'>piace,</span> <span class='ocrx_word' id='word_1_126' title='bbox 2104 2097 2277 2150; x_wconf 88' lang='lat' dir='ltr'>cum</span> <span class='ocrx_word' id='word_1_127' title='bbox 2345 2077 2581 2171; x_wconf 88' lang='lat' dir='ltr'>gratia</span> <span class='ocrx_word' id='word_1_128' title='bbox 2634 2077 2902 2170; x_wconf 86' lang='lat' dir='ltr'>divina,</span> 
     </span>
     <span class='ocr_line' id='line_1_15' title="bbox 545 2197 2903 2296; baseline -0.003 -21"><span class='ocrx_word' id='word_1_129' title='bbox 545 2197 668 2296; x_wconf 62' lang='lat' dir='ltr'>pi&amp;</span> <span class='ocrx_word' id='word_1_130' title='bbox 721 2204 898 2275; x_wconf 79' lang='lat' dir='ltr'>volte</span> <span class='ocrx_word' id='word_1_131' title='bbox 959 2202 1050 2272; x_wconf 87' lang='lat' dir='ltr'>m&#39;</span> <span class='ocrx_word' id='word_1_132' title='bbox 1074 2202 1168 2273; x_wconf 81' lang='grc' dir='ltr'>Ιια</span> <span class='ocrx_word' id='word_1_133' title='bbox 1228 2205 1480 2289; x_wconf 72' lang='lat' dir='ltr'>neqalo</span> <span class='ocrx_word' id='word_1_134' title='bbox 1546 2204 1687 2269; x_wconf 82' lang='lat' dir='ltr'>esto</span> <span class='ocrx_word' id='word_1_135' title='bbox 1736 2200 2156 2289; x_wconf 71' lang='lat' dir='ltr'>passaqyio,</span> <span class='ocrx_word' id='word_1_136' title='bbox 2210 2198 2382 2291; x_wconf 91' lang='lat' dir='ltr'>quia</span> <span class='ocrx_word' id='word_1_137' title='bbox 2434 2197 2706 2270; x_wconf 85' lang='lat' dir='ltr'>seilicet</span> <span class='ocrx_word' id='word_1_138' title='bbox 2756 2216 2903 2270; x_wconf 91' lang='lat' dir='ltr'>non</span> 
     </span>
     <span class='ocr_line' id='line_1_16' title="bbox 552 2316 2904 2420; baseline -0.004 -22"><span class='ocrx_word' id='word_1_139' title='bbox 552 2322 942 2420; x_wconf 81' lang='lat' dir='ltr'>promovit,</span> <span class='ocrx_word' id='word_1_140' title='bbox 996 2340 1141 2393; x_wconf 93' lang='lat' dir='ltr'>non</span> <span class='ocrx_word' id='word_1_141' title='bbox 1195 2317 1525 2393; x_wconf 85' lang='lat' dir='ltr'>invitavit</span> <span class='ocrx_word' id='word_1_142' title='bbox 1576 2338 1698 2391; x_wconf 91' lang='lat' dir='ltr'>me</span> <span class='ocrx_word' id='word_1_143' title='bbox 1748 2318 1838 2391; x_wconf 90' lang='lat' dir='ltr'>ad</span> <span class='ocrx_word' id='word_1_144' title='bbox 1892 2317 2084 2391; x_wconf 89' lang='lat' dir='ltr'>istud</span> <span class='ocrx_word' id='word_1_145' title='bbox 2131 2317 2672 2414; x_wconf 83' lang='lat' dir='ltr'>purgatorium,</span> <span class='ocrx_word' id='word_1_146' title='bbox 2714 2316 2904 2389; x_wconf 90' lang='lat' dir='ltr'>sicut</span> 
     </span>
     <span class='ocr_line' id='line_1_17' title="bbox 551 2435 2904 2537; baseline -0.006 -17"><span class='ocrx_word' id='word_1_147' title='bbox 551 2451 635 2520; x_wconf 89' lang='lat' dir='ltr'>tu</span> <span class='ocrx_word' id='word_1_148' title='bbox 687 2462 882 2537; x_wconf 85' lang='lat' dir='ltr'>saepe</span> <span class='ocrx_word' id='word_1_149' title='bbox 915 2440 1268 2514; x_wconf 83' lang='lat' dir='ltr'>invitabas</span> <span class='ocrx_word' id='word_1_150' title='bbox 1305 2458 1426 2511; x_wconf 94' lang='lat' dir='ltr'>me</span> <span class='ocrx_word' id='word_1_151' title='bbox 1460 2437 1553 2510; x_wconf 90' lang='lat' dir='ltr'>ad</span> <span class='ocrx_word' id='word_1_152' title='bbox 1587 2443 1909 2511; x_wconf 87' lang='lat' dir='ltr'>cantum.</span> <span class='ocrx_word' id='word_1_153' title='bbox 1947 2438 2034 2509; x_wconf 89' lang='lat' dir='ltr'>Et</span> <span class='ocrx_word' id='word_1_154' title='bbox 2068 2437 2185 2511; x_wconf 89' lang='lat' dir='ltr'>hic</span> <span class='ocrx_word' id='word_1_155' title='bbox 2226 2445 2396 2510; x_wconf 91' lang='lat' dir='ltr'>nota</span> <span class='ocrx_word' id='word_1_156' title='bbox 2433 2436 2630 2530; x_wconf 91' lang='lat' dir='ltr'>quod</span> <span class='ocrx_word' id='word_1_157' title='bbox 2665 2435 2904 2531; x_wconf 87' lang='lat' dir='ltr'>gratia</span> 
     </span>
     <span class='ocr_line' id='line_1_18' title="bbox 553 2553 2905 2653; baseline -0.006 -13"><span class='ocrx_word' id='word_1_158' title='bbox 553 2585 701 2640; x_wconf 89' lang='lat' dir='ltr'>non</span> <span class='ocrx_word' id='word_1_159' title='bbox 750 2563 969 2637; x_wconf 90' lang='lat' dir='ltr'>datur</span> <span class='ocrx_word' id='word_1_160' title='bbox 1019 2561 1110 2653; x_wconf 82' lang='lat' dir='ltr'>ei,</span> <span class='ocrx_word' id='word_1_161' title='bbox 1164 2559 1289 2653; x_wconf 91' lang='lat' dir='ltr'>qui</span> <span class='ocrx_word' id='word_1_162' title='bbox 1343 2579 1490 2632; x_wconf 93' lang='lat' dir='ltr'>non</span> <span class='ocrx_word' id='word_1_163' title='bbox 1541 2578 1619 2631; x_wconf 93' lang='lat' dir='ltr'>se</span> <span class='ocrx_word' id='word_1_164' title='bbox 1671 2557 2037 2649; x_wconf 83' lang='lat' dir='ltr'>habilitat3</span> <span class='ocrx_word' id='word_1_165' title='bbox 2075 2555 2166 2629; x_wconf 94' lang='lat' dir='ltr'>de</span> <span class='ocrx_word' id='word_1_166' title='bbox 2209 2576 2358 2648; x_wconf 90' lang='lat' dir='ltr'>quo</span> <span class='ocrx_word' id='word_1_167' title='bbox 2410 2561 2712 2649; x_wconf 87' lang='lat' dir='ltr'>possunt</span> <span class='ocrx_word' id='word_1_168' title='bbox 2745 2553 2905 2627; x_wconf 92' lang='lat' dir='ltr'>dari</span> 
     </span>
     <span class='ocr_line' id='line_1_19' title="bbox 554 2675 2898 2775; baseline -0.006 -15"><span class='ocrx_word' id='word_1_169' title='bbox 554 2686 789 2760; x_wconf 81' lang='lat' dir='ltr'>multa</span> <span class='ocrx_word' id='word_1_170' title='bbox 838 2681 1196 2775; x_wconf 86' lang='lat' dir='ltr'>exempla,</span> <span class='ocrx_word' id='word_1_171' title='bbox 1249 2680 1436 2753; x_wconf 88' lang='lat' dir='ltr'>sicut</span> <span class='ocrx_word' id='word_1_172' title='bbox 1490 2679 1561 2752; x_wconf 88' lang='lat' dir='ltr'>in</span> <span class='ocrx_word' id='word_1_173' title='bbox 1615 2678 1734 2750; x_wconf 94' lang='lat' dir='ltr'>illo</span> <span class='ocrx_word' id='word_1_174' title='bbox 1786 2676 1912 2769; x_wconf 92' lang='lat' dir='ltr'>qui</span> <span class='ocrx_word' id='word_1_175' title='bbox 1979 2696 2285 2747; x_wconf 91' lang='lat' dir='ltr'>manum</span> <span class='ocrx_word' id='word_1_176' title='bbox 2337 2676 2428 2747; x_wconf 91' lang='lat' dir='ltr'>ad</span> <span class='ocrx_word' id='word_1_177' title='bbox 2481 2675 2898 2769; x_wconf 88' lang='lat' dir='ltr'>largitatem</span> 
     </span>
     <span class='ocr_line' id='line_1_20' title="bbox 553 2795 2903 2896; baseline -0.008 -12"><span class='ocrx_word' id='word_1_178' title='bbox 553 2828 702 2884; x_wconf 87' lang='lat' dir='ltr'>non</span> <span class='ocrx_word' id='word_1_179' title='bbox 752 2804 1062 2881; x_wconf 89' lang='lat' dir='ltr'>ostendit</span> <span class='ocrx_word' id='word_1_180' title='bbox 1093 2795 1191 2896; x_wconf 78' lang='lat'><strong>(¹),</strong></span> <span class='ocrx_word' id='word_1_181' title='bbox 1243 2802 1415 2895; x_wconf 91' lang='lat' dir='ltr'>quia</span> <span class='ocrx_word' id='word_1_182' title='bbox 1467 2800 1663 2876; x_wconf 89' lang='lat' dir='ltr'>Deus</span> <span class='ocrx_word' id='word_1_183' title='bbox 1715 2804 2075 2890; x_wconf 90' lang='lat' dir='ltr'>quantum</span> <span class='ocrx_word' id='word_1_184' title='bbox 2130 2796 2203 2868; x_wconf 91' lang='lat' dir='ltr'>in</span> <span class='ocrx_word' id='word_1_185' title='bbox 2254 2815 2335 2869; x_wconf 90' lang='lat' dir='ltr'>se</span> <span class='ocrx_word' id='word_1_186' title='bbox 2386 2802 2496 2869; x_wconf 93' lang='lat' dir='ltr'>est</span> <span class='ocrx_word' id='word_1_187' title='bbox 2554 2795 2679 2870; x_wconf 88' lang='lat' dir='ltr'>dat</span> <span class='ocrx_word' id='word_1_188' title='bbox 2735 2816 2903 2867; x_wconf 95' lang='lat' dir='ltr'>om-</span> 
     </span>
     <span class='ocr_line' id='line_1_21' title="bbox 555 2916 2899 3014; baseline -0.006 -12"><span class='ocrx_word' id='word_1_189' title='bbox 555 2928 771 3003; x_wconf 88' lang='lat' dir='ltr'>nibus</span> <span class='ocrx_word' id='word_1_190' title='bbox 820 2926 1257 2999; x_wconf 88' lang='lat' dir='ltr'>affluenter:</span> <span class='ocrx_word' id='word_1_191' title='bbox 1296 2922 1370 2994; x_wconf 92' lang='lat' dir='ltr'>in</span> <span class='ocrx_word' id='word_1_192' title='bbox 1420 2922 1540 2995; x_wconf 92' lang='lat' dir='ltr'>illo</span> <span class='ocrx_word' id='word_1_193' title='bbox 1594 2919 1719 3014; x_wconf 91' lang='lat' dir='ltr'>qui</span> <span class='ocrx_word' id='word_1_194' title='bbox 1771 2917 2025 2992; x_wconf 86' lang='lat' dir='ltr'>oculos</span> <span class='ocrx_word' id='word_1_195' title='bbox 2076 2922 2332 2990; x_wconf 90' lang='lat' dir='ltr'>contra</span> <span class='ocrx_word' id='word_1_196' title='bbox 2384 2917 2638 2989; x_wconf 92' lang='lat' dir='ltr'>lumen</span> <span class='ocrx_word' id='word_1_197' title='bbox 2691 2916 2899 2989; x_wconf 87' lang='lat' dir='ltr'>clau-</span> 
     </span>
     <span class='ocr_line' id='line_1_22' title="bbox 553 3029 2904 3143; baseline -0.007 -19"><span class='ocrx_word' id='word_1_198' title='bbox 553 3048 678 3143; x_wconf 85' lang='lat' dir='ltr'>dit,</span> <span class='ocrx_word' id='word_1_199' title='bbox 731 3066 905 3121; x_wconf 85' lang='lat' dir='ltr'>eum</span> <span class='ocrx_word' id='word_1_200' title='bbox 959 3052 1205 3118; x_wconf 90' lang='lat' dir='ltr'>tamen</span> <span class='ocrx_word' id='word_1_201' title='bbox 1256 3043 1454 3116; x_wconf 90' lang='lat' dir='ltr'>Deus</span> <span class='ocrx_word' id='word_1_202' title='bbox 1504 3040 1732 3113; x_wconf 89' lang='lat' dir='ltr'>solem</span> <span class='ocrx_word' id='word_1_203' title='bbox 1761 3029 1837 3134; x_wconf 81' lang='lat'>(²)</span> <span class='ocrx_word' id='word_1_204' title='bbox 1891 3058 2111 3109; x_wconf 91' lang='lat' dir='ltr'>suum</span> <span class='ocrx_word' id='word_1_205' title='bbox 2171 3035 2348 3109; x_wconf 90' lang='lat' dir='ltr'>oriri</span> <span class='ocrx_word' id='word_1_206' title='bbox 2415 3035 2630 3108; x_wconf 80' lang='lat' dir='ltr'>faciat</span> <span class='ocrx_word' id='word_1_207' title='bbox 2678 3055 2904 3128; x_wconf 89' lang='lat' dir='ltr'>super</span> 
     </span>
     <span class='ocr_line' id='line_1_23' title="bbox 552 3155 2904 3253; baseline -0.007 -9"><span class='ocrx_word' id='word_1_208' title='bbox 552 3168 786 3244; x_wconf 86' lang='lat' dir='ltr'>bonos</span> <span class='ocrx_word' id='word_1_209' title='bbox 835 3171 912 3240; x_wconf 93' lang='lat' dir='ltr'>et</span> <span class='ocrx_word' id='word_1_210' title='bbox 959 3165 1229 3239; x_wconf 89' lang='lat' dir='ltr'>malos:</span> <span class='ocrx_word' id='word_1_211' title='bbox 1269 3162 1342 3234; x_wconf 94' lang='lat' dir='ltr'>in</span> <span class='ocrx_word' id='word_1_212' title='bbox 1394 3161 1515 3234; x_wconf 91' lang='lat' dir='ltr'>illo</span> <span class='ocrx_word' id='word_1_213' title='bbox 1568 3159 1692 3253; x_wconf 91' lang='lat' dir='ltr'>qui</span> <span class='ocrx_word' id='word_1_214' title='bbox 1745 3159 2022 3233; x_wconf 80' lang='lat' dir='ltr'>fontem</span> <span class='ocrx_word' id='word_1_215' title='bbox 2064 3155 2440 3231; x_wconf 87' lang='lat' dir='ltr'>inveniens</span> <span class='ocrx_word' id='word_1_216' title='bbox 2481 3155 2695 3250; x_wconf 85' lang='lat' dir='ltr'>erigit</span> <span class='ocrx_word' id='word_1_217' title='bbox 2731 3155 2904 3228; x_wconf 80' lang='lat' dir='ltr'>fun-</span> 
     </span>
     <span class='ocr_line' id='line_1_24' title="bbox 553 3276 2906 3374; baseline -0.006 -11"><span class='ocrx_word' id='word_1_218' title='bbox 553 3289 733 3363; x_wconf 91' lang='lat' dir='ltr'>dum</span> <span class='ocrx_word' id='word_1_219' title='bbox 787 3285 977 3361; x_wconf 86' lang='lat' dir='ltr'>vasis</span> <span class='ocrx_word' id='word_1_220' title='bbox 1027 3302 1351 3374; x_wconf 85' lang='lat' dir='ltr'>sursum,</span> <span class='ocrx_word' id='word_1_221' title='bbox 1406 3280 1577 3374; x_wconf 90' lang='lat' dir='ltr'>quia</span> <span class='ocrx_word' id='word_1_222' title='bbox 1628 3282 1847 3372; x_wconf 81' lang='lat' dir='ltr'>DeuS,</span> <span class='ocrx_word' id='word_1_223' title='bbox 1906 3283 1984 3350; x_wconf 93' lang='lat' dir='ltr'>ut</span> <span class='ocrx_word' id='word_1_224' title='bbox 2046 3276 2148 3350; x_wconf 91' lang='lat' dir='ltr'>ait</span> <span class='ocrx_word' id='word_1_225' title='bbox 2203 3276 2678 3371; x_wconf 81' lang='lat' dir='ltr'>AugustinuS‚</span> <span class='ocrx_word' id='word_1_226' title='bbox 2744 3296 2906 3349; x_wconf 91' lang='lat' dir='ltr'>ma·</span> 
     </span>
     <span class='ocr_line' id='line_1_25' title="bbox 554 3395 2905 3506; baseline -0.006 -25"><span class='ocrx_word' id='word_1_227' title='bbox 554 3428 701 3506; x_wconf 80' lang='lat' dir='ltr'>gna</span> <span class='ocrx_word' id='word_1_228' title='bbox 751 3403 1185 3480; x_wconf 88' lang='lat' dir='ltr'>liberalitate</span> <span class='ocrx_word' id='word_1_229' title='bbox 1233 3408 1308 3476; x_wconf 91' lang='lat' dir='ltr'>et</span> <span class='ocrx_word' id='word_1_230' title='bbox 1359 3400 1698 3473; x_wconf 89' lang='lat' dir='ltr'>ubertate</span> <span class='ocrx_word' id='word_1_231' title='bbox 1748 3417 2006 3474; x_wconf 92' lang='lat' dir='ltr'>omnes</span> <span class='ocrx_word' id='word_1_232' title='bbox 2058 3404 2439 3471; x_wconf 87' lang='lat' dir='ltr'>creaturas</span> <span class='ocrx_word' id='word_1_233' title='bbox 2492 3395 2723 3488; x_wconf 92' lang='lat' dir='ltr'>replet</span> <span class='ocrx_word' id='word_1_234' title='bbox 2768 3414 2905 3489; x_wconf 91' lang='lat' dir='ltr'>pro</span> 
     </span>
     <span class='ocr_line' id='line_1_26' title="bbox 556 3513 2904 3623; baseline -0.007 -20"><span class='ocrx_word' id='word_1_235' title='bbox 556 3526 958 3623; x_wconf 83' lang='lat' dir='ltr'>capacitate</span> <span class='ocrx_word' id='word_1_236' title='bbox 1006 3543 1294 3614; x_wconf 86' lang='lat' dir='ltr'>earum,</span> <span class='ocrx_word' id='word_1_237' title='bbox 1348 3520 1419 3593; x_wconf 92' lang='lat' dir='ltr'>in</span> <span class='ocrx_word' id='word_1_238' title='bbox 1472 3540 1563 3593; x_wconf 94' lang='lat' dir='ltr'>eo</span> <span class='ocrx_word' id='word_1_239' title='bbox 1616 3519 1741 3612; x_wconf 90' lang='lat' dir='ltr'>qui</span> <span class='ocrx_word' id='word_1_240' title='bbox 1792 3518 2099 3592; x_wconf 90' lang='lat' dir='ltr'>domum</span> <span class='ocrx_word' id='word_1_241' title='bbox 2153 3535 2365 3589; x_wconf 91' lang='lat' dir='ltr'>suam</span> <span class='ocrx_word' id='word_1_242' title='bbox 2408 3513 2630 3608; x_wconf 89' lang='lat' dir='ltr'>cingit</span> <span class='ocrx_word' id='word_1_243' title='bbox 2682 3513 2904 3608; x_wconf 88' lang='lat' dir='ltr'>spinis</span> 
     </span>
     <span class='ocr_line' id='line_1_27' title="bbox 556 3632 2906 3743; baseline -0.007 -19"><span class='ocrx_word' id='word_1_244' title='bbox 556 3667 671 3726; x_wconf 11' lang='lat' dir='ltr'>ner</span> <span class='ocrx_word' id='word_1_245' title='bbox 700 3643 1153 3743; x_wconf 85' lang='lat' dir='ltr'>ingrediatur</span> <span class='ocrx_word' id='word_1_246' title='bbox 1203 3641 1509 3734; x_wconf 81' lang='lat' dir='ltr'>amicuS,</span> <span class='ocrx_word' id='word_1_247' title='bbox 1562 3639 1714 3733; x_wconf 91' lang='lat' dir='ltr'>ipse</span> <span class='ocrx_word' id='word_1_248' title='bbox 1778 3638 1975 3711; x_wconf 91' lang='lat' dir='ltr'>enim</span> <span class='ocrx_word' id='word_1_249' title='bbox 2029 3638 2226 3710; x_wconf 90' lang='lat' dir='ltr'>Deus</span> <span class='ocrx_word' id='word_1_250' title='bbox 2276 3654 2569 3727; x_wconf 89' lang='lat' dir='ltr'>semper</span> <span class='ocrx_word' id='word_1_251' title='bbox 2621 3639 2762 3706; x_wconf 89' lang='lat' dir='ltr'>stat</span> <span class='ocrx_word' id='word_1_252' title='bbox 2811 3632 2906 3707; x_wconf 88' lang='lat' dir='ltr'>ad</span> 
     </span>
     <span class='ocr_line' id='line_1_28' title="bbox 558 3752 2907 3858; baseline -0.009 -14"><span class='ocrx_word' id='word_1_253' title='bbox 558 3766 829 3844; x_wconf 84' lang='lat' dir='ltr'>ostium</span> <span class='ocrx_word' id='word_1_254' title='bbox 892 3771 968 3840; x_wconf 91' lang='lat' dir='ltr'>et</span> <span class='ocrx_word' id='word_1_255' title='bbox 1034 3763 1318 3858; x_wconf 90' lang='lat' dir='ltr'>pulsat:</span> <span class='ocrx_word' id='word_1_256' title='bbox 1390 3760 1463 3832; x_wconf 92' lang='lat' dir='ltr'>in</span> <span class='ocrx_word' id='word_1_257' title='bbox 1539 3780 1629 3833; x_wconf 92' lang='lat' dir='ltr'>eo</span> <span class='ocrx_word' id='word_1_258' title='bbox 1706 3757 1832 3850; x_wconf 92' lang='lat' dir='ltr'>qui</span> <span class='ocrx_word' id='word_1_259' title='bbox 1898 3756 2150 3830; x_wconf 90' lang='lat' dir='ltr'>lolium</span> <span class='ocrx_word' id='word_1_260' title='bbox 2216 3774 2365 3827; x_wconf 91' lang='lat' dir='ltr'>non</span> <span class='ocrx_word' id='word_1_261' title='bbox 2431 3752 2747 3846; x_wconf 87' lang='lat' dir='ltr'>extirpat</span> <span class='ocrx_word' id='word_1_262' title='bbox 2812 3772 2907 3826; x_wconf 83' lang='lat' dir='ltr'>ex</span> 
     </span>
     <span class='ocr_line' id='line_1_29' title="bbox 557 3871 2905 3985; baseline -0.008 -22"><span class='ocrx_word' id='word_1_263' title='bbox 557 3907 741 3985; x_wconf 79' lang='lat' dir='ltr'>agro</span> <span class='ocrx_word' id='word_1_264' title='bbox 788 3893 953 3979; x_wconf 86' lang='lat' dir='ltr'>suo,</span> <span class='ocrx_word' id='word_1_265' title='bbox 1003 3888 1300 3978; x_wconf 89' lang='lat' dir='ltr'>propter</span> <span class='ocrx_word' id='word_1_266' title='bbox 1353 3879 1550 3974; x_wconf 92' lang='lat' dir='ltr'>quod</span> <span class='ocrx_word' id='word_1_267' title='bbox 1600 3878 1884 3950; x_wconf 80' lang='lat' dir='ltr'>fructus</span> <span class='ocrx_word' id='word_1_268' title='bbox 1934 3893 2270 3949; x_wconf 87' lang='lat' dir='ltr'>crescere</span> <span class='ocrx_word' id='word_1_269' title='bbox 2323 3893 2470 3945; x_wconf 91' lang='lat' dir='ltr'>non</span> <span class='ocrx_word' id='word_1_270' title='bbox 2507 3877 2790 3965; x_wconf 87' lang='lat' dir='ltr'>potest:</span> <span class='ocrx_word' id='word_1_271' title='bbox 2830 3871 2905 3944; x_wconf 93' lang='lat' dir='ltr'>in</span> 
     </span>
     <span class='ocr_line' id='line_1_30' title="bbox 558 3990 2907 4102; baseline -0.009 -16"><span class='ocrx_word' id='word_1_272' title='bbox 558 4029 652 4086; x_wconf 88' lang='lat' dir='ltr'>eo</span> <span class='ocrx_word' id='word_1_273' title='bbox 700 4006 831 4102; x_wconf 86' lang='lat' dir='ltr'>qui</span> <span class='ocrx_word' id='word_1_274' title='bbox 892 4003 1194 4101; x_wconf 88' lang='lat' dir='ltr'>negligit</span> <span class='ocrx_word' id='word_1_275' title='bbox 1256 4000 1546 4096; x_wconf 90' lang='lat' dir='ltr'>aperire</span> <span class='ocrx_word' id='word_1_276' title='bbox 1605 4018 1688 4071; x_wconf 90' lang='lat' dir='ltr'>os</span> <span class='ocrx_word' id='word_1_277' title='bbox 1750 3996 1843 4069; x_wconf 94' lang='lat' dir='ltr'>ad</span> <span class='ocrx_word' id='word_1_278' title='bbox 1911 3995 2353 4068; x_wconf 91' lang='lat' dir='ltr'>sumendum</span> <span class='ocrx_word' id='word_1_279' title='bbox 2405 3992 2692 4085; x_wconf 78' lang='lat' dir='ltr'>cibum,·</span> <span class='ocrx_word' id='word_1_280' title='bbox 2733 3990 2907 4085; x_wconf 87' lang='lat' dir='ltr'>quia</span> 
     </span>
     <span class='ocr_line' id='line_1_31' title="bbox 560 4113 2908 4212; baseline -0.011 -7"><span class='ocrx_word' id='word_1_281' title='bbox 560 4126 720 4212; x_wconf 71' lang='lat' dir='ltr'>talis</span> <span class='ocrx_word' id='word_1_282' title='bbox 772 4124 1035 4201; x_wconf 89' lang='lat' dir='ltr'>merito</span> <span class='ocrx_word' id='word_1_283' title='bbox 1085 4122 1303 4198; x_wconf 89' lang='lat' dir='ltr'>debet</span> <span class='ocrx_word' id='word_1_284' title='bbox 1354 4121 1550 4195; x_wconf 79' lang='lat' dir='ltr'>fame</span> <span class='ocrx_word' id='word_1_285' title='bbox 1602 4116 1835 4190; x_wconf 85' lang='lat' dir='ltr'>mori:</span> <span class='ocrx_word' id='word_1_286' title='bbox 1891 4114 1965 4186; x_wconf 93' lang='lat' dir='ltr'>in</span> <span class='ocrx_word' id='word_1_287' title='bbox 2014 4113 2138 4186; x_wconf 90' lang='lat' dir='ltr'>illo</span> <span class='ocrx_word' id='word_1_288' title='bbox 2202 4113 2330 4206; x_wconf 93' lang='lat' dir='ltr'>qui</span> <span class='ocrx_word' id='word_1_289' title='bbox 2383 4118 2715 4206; x_wconf 87' lang='lat' dir='ltr'>tempore</span> <span class='ocrx_word' id='word_1_290' title='bbox 2766 4132 2908 4205; x_wconf 91' lang='lat' dir='ltr'>pu-</span> 
     </span>
     <span class='ocr_line' id='line_1_32' title="bbox 558 4232 2910 4347; baseline -0.008 -24"><span class='ocrx_word' id='word_1_291' title='bbox 558 4268 725 4347; x_wconf 77' lang='lat' dir='ltr'>gnae</span> <span class='ocrx_word' id='word_1_292' title='bbox 772 4268 985 4322; x_wconf 88' lang='lat' dir='ltr'>arma</span> <span class='ocrx_word' id='word_1_293' title='bbox 1034 4244 1276 4320; x_wconf 86' lang='lat' dir='ltr'>abiicit</span> <span class='ocrx_word' id='word_1_294' title='bbox 1307 4233 1407 4336; x_wconf 76' lang='lat'>(³),</span> <span class='ocrx_word' id='word_1_295' title='bbox 1435 4240 1610 4335; x_wconf 90' lang='lat' dir='ltr'>quia</span> <span class='ocrx_word' id='word_1_296' title='bbox 1662 4237 1823 4312; x_wconf 90' lang='lat' dir='ltr'>talis</span> <span class='ocrx_word' id='word_1_297' title='bbox 1873 4255 2068 4329; x_wconf 86' lang='lat' dir='ltr'>saepe</span> <span class='ocrx_word' id='word_1_298' title='bbox 2119 4232 2430 4326; x_wconf 87' lang='lat' dir='ltr'>capitur,</span> <span class='ocrx_word' id='word_1_299' title='bbox 2474 4233 2910 4306; x_wconf 87' lang='lat' dir='ltr'>vulneratur</span> 
     </span>
     <span class='ocr_line' id='line_1_33' title="bbox 556 4358 2910 4453; baseline -0.011 -3"><span class='ocrx_word' id='word_1_300' title='bbox 556 4369 678 4450; x_wconf 71' lang='lat' dir='ltr'>vel</span> <span class='ocrx_word' id='word_1_301' title='bbox 728 4367 1128 4444; x_wconf 84' lang='lat' dir='ltr'>occiditur:</span> <span class='ocrx_word' id='word_1_302' title='bbox 1182 4364 1256 4438; x_wconf 93' lang='lat' dir='ltr'>in</span> <span class='ocrx_word' id='word_1_303' title='bbox 1307 4363 1430 4436; x_wconf 92' lang='grc'><strong>1110</strong></span> <span class='ocrx_word' id='word_1_304' title='bbox 1499 4358 1625 4453; x_wconf 93' lang='lat' dir='ltr'>qui</span> <span class='ocrx_word' id='word_1_305' title='bbox 1693 4378 1987 4432; x_wconf 94' lang='lat' dir='ltr'>remum</span> <span class='ocrx_word' id='word_1_306' title='bbox 2053 4375 2200 4429; x_wconf 94' lang='lat' dir='ltr'>non</span> <span class='ocrx_word' id='word_1_307' title='bbox 2261 4358 2510 4427; x_wconf 84' lang='lat' dir='ltr'>movet</span> <span class='ocrx_word' id='word_1_308' title='bbox 2577 4359 2910 4446; x_wconf 89' lang='lat' dir='ltr'>tempore</span> 
     </span>
    </p>
   </div>
   <div class='ocr_carea' id='block_1_3' title="bbox 682 4613 2618 4690">
    <p class='ocr_par' dir='ltr' id='par_1_3' title="bbox 682 4613 2618 4690">
     <span class='ocr_line' id='line_1_34' title="bbox 682 4613 2618 4690; baseline -0.01 -9"><span class='ocrx_word' id='word_1_309' title='bbox 682 4628 740 4690; x_wconf 77' lang='lat'>(⁸)</span> <span class='ocrx_word' id='word_1_310' title='bbox 772 4627 834 4679; x_wconf 80' lang='grc' dir='ltr'>Ε.</span> <span class='ocrx_word' id='word_1_311' title='bbox 868 4625 1112 4676; x_wconf 82' lang='lat' dir='ltr'>extendit.</span> <span class='ocrx_word' id='word_1_312' title='bbox 1399 4623 1455 4686; x_wconf 88' lang='lat'>(²)</span> <span class='ocrx_word' id='word_1_313' title='bbox 1486 4621 1536 4673; x_wconf 87' lang='lat' dir='ltr'>S.</span> <span class='ocrx_word' id='word_1_314' title='bbox 1571 4621 1748 4671; x_wconf 88' lang='lat' dir='ltr'>lumen</span> <span class='ocrx_word' id='word_1_315' title='bbox 1781 4632 1954 4669; x_wconf 81' lang='lat' dir='ltr'>suum.</span> <span class='ocrx_word' id='word_1_316' title='bbox 2045 4648 2058 4658; x_wconf 90' lang='lat'><strong>·</strong></span> <span class='ocrx_word' id='word_1_317' title='bbox 2236 4615 2289 4678; x_wconf 83' lang='lat'>(⁸)</span> <span class='ocrx_word' id='word_1_318' title='bbox 2325 4615 2384 4665; x_wconf 90' lang='lat' dir='ltr'>E.</span> <span class='ocrx_word' id='word_1_319' title='bbox 2417 4613 2618 4664; x_wconf 75' lang='lat' dir='ltr'>abiecit.</span> 
     </span>
    </p>
   </div>
  </div>
 </body>
</html>
