3704 5559
1371 512 1645 566 CANTUS
1694 512 1982 566 Primus.
2758 503 2848 568 49

504 678 674 732 cum
728 657 936 731 dicit:
990 661 1066 729 Ι]
1094 676 1320 747 acqua
1371 659 1473 728 ck'
1498 659 1569 727 io
1611 659 1888 748 prendo
1939 660 2280 747 qiammai
2327 680 2471 730 non
2518 662 2581 731 si
2629 680 2849 732 corse.

503 779 591 851 Et
639 784 941 873 accepto
992 796 1143 849 uno
1197 775 1492 848 illorum
1535 776 1940 869 juncorum
1990 777 2331 873 Virgilius
2383 778 2605 852 cinxit
2655 779 2854 853 Dan—

504 905 677 992 tem,
713 897 913 971 unde
945 895 1149 970 dicit:
1187 898 1374 987 quivi
1405 899 1501 968 mi
1550 898 1733 969 cinse
1783 889 1841 969 si
1892 900 2066 970 com'
2094 901 2308 970 alcrui
2346 901 2670 990 piaeque,
2713 900 2854 972 sci-

502 1020 695 1111 licet,
731 1017 1027 1109 Catoni3
1066 1022 1139 1090 et
1170 1015 1586 1110 prorumpit
1629 1016 1701 1089 in
1746 1018 2355 1092 exclamationem
2394 1039 2486 1093 ex
2540 1018 2850 1091 mirabili

504 1139 794 1231 effectu,
848 1137 978 1233 qui
1047 1136 1286 1210 subito
1347 1142 1556 1210 ortus
1608 1144 1717 1209 est
1782 1157 1874 1211 ex
1943 1138 2326 1212 avulsione
2384 1138 2573 1211 illius
2623 1137 2854 1233 junci,

504 1258 790 1334 dicens:
843 1279 915 1348 0,
968 1257 1170 1351 idest,
1222 1257 1406 1351 dico,
1460 1261 1917 1349 meraviylia!
1967 1258 2171 1353 idest,
2225 1280 2382 1334 rem
2437 1258 2848 1332 mirandam

505 1380 740 1472 valde,
774 1380 894 1451 che
927 1380 971 1451 ἴ
989 1380 1194 1450 umile
1224 1380 1501 1469 manta,
1539 1378 1830 1471 scilicet,
1858 1379 2154 1472 juncuS,
2192 1379 2320 1472 qui
2355 1379 2545 1453 bene
2581 1378 2850 1474 figurat

505 1498 1018 1591 humilitatem,
1094 1500 1159 1569 si
1228 1500 1564 1588 rimaeque
1628 1498 2071 1570 subitamence
2121 1489 2193 1570 ἰὰ
2242 1502 2422 1572 onde
2488 1503 2560 1572 la
2609 1503 2850 1591 svelse,

505 1621 716 1716 idest,
748 1620 824 1694 in
865 1618 1126 1694 eodem
1181 1618 1355 1691 limo
1408 1617 1630 1711 molli,
1672 1619 1889 1711 Juxta
1941 1619 2297 1713 impetum
2362 1641 2601 1713 aquae,
2657 1619 2853 1692 unde

510 1740 777 1818 evulsit
826 1739 1078 1835 ipsam,
1132 1741 1318 1811 cota!
1364 1741 1566 1835 quale
1618 1741 1753 1827 eyli
1799 1741 2031 1828 scelse,
2084 1738 2288 1831 idest,
2343 1739 2500 1813 talis
2553 1739 2849 1833 qualem

507 1862 661 1958 ipse
721 1860 999 1956 selegit,
1050 1858 1255 1952 idest,
1308 1879 1645 1932 seorsum
1700 1857 1943 1952 elegit,
1996 1858 2170 1951 quia
2221 1858 2490 1932 scilicet
2553 1864 2854 1931 renatus

508 1988 621 2058 oet
667 1981 856 2056 alter
894 1980 1170 2075 juncus
1219 1999 1436 2073 aeque
1495 1999 1792 2072 parvuS,
1848 1978 2115 2072 viridiS,
2170 1978 2441 2073 enodis,
2496 1978 2851 2071 flexibilis,

510 2101 778 2177 docens
810 2098 1240 2174 accedentes
1276 2098 1369 2172 ad
1402 2098 1904 2192 poenitentiam
1941 2098 2214 2173 debere
2242 2099 2591 2173 inclinare
2615 2097 2854 2193 capita

511 2241 648 2296 sua
682 2226 754 2295 et
787 2218 1175 2293 humiliare
1208 2218 1428 2292 corda
1467 2238 1623 2291 sua.
1662 2218 1804 2292 Per
1838 2219 1978 2292 hoc
2028 2225 2279 2293 autem
2334 2218 2606 2315 figurat
2648 2217 2850 2311 quod

511 2361 605 2417 ex
639 2359 791 2414 uno
825 2345 995 2413 actu
1030 2337 1458 2411 humilitatis
1503 2337 1822 2412 nascitur
1863 2338 2071 2432 aliuS,
2108 2345 2182 2412 et
2232 2339 2462 2413 virtus
2506 2344 2613 2414 est
2649 2358 2858 2412 com-

510 2459 754 2535 munis
805 2457 1121 2532 offerens
1171 2477 1252 2531 se
1318 2457 1718 2551 unicuique
1774 2458 2046 2532 volenti
2115 2479 2281 2532 eam
2345 2458 2710 2552 amplecti,
2783 2462 2856 2531 et

510 2578 1043 2656 transfunditur
1078 2599 1172 2652 ex
1208 2599 1358 2651 uno
1408 2578 1482 2650 in
1516 2578 1767 2670 alium,
1804 2597 1941 2651 nec
1977 2578 2226 2672 recipit
2266 2578 2849 2652 diminutionem.

510 2701 664 2776 Hoc
694 2706 946 2775 autem
982 2703 1367 2794 acceptum
1425 2704 1535 2772 est
1586 2718 1628 2769 a
1654 2696 1953 2792 Virgilio
1978 2697 2068 2770 VI
2106 2698 2437 2792 Eneidos,
2470 2697 2595 2770 ubi
2638 2696 2852 2769 dicit:

505 2824 741 2916 primo
791 2823 1034 2894 avulso
1083 2840 1227 2892 non
1275 2809 1499 2911 deficit
1546 2819 1724 2888 alter
1781 2822 2054 2889 Aureus
2106 2826 2170 2890 ec
2214 2821 2423 2891 simi&
2463 2819 2855 2912 frondescit

511 2945 720 3035 viv-qa
768 2944 1061 3015 metallo.
1118 2940 1269 3014 Hoc
1318 2939 1507 3030 dicit,
1561 2936 1736 3030 quia
1789 2943 2065 3029 quanto
2108 2939 2341 3033 magis
2382 2945 2854 3033 exercentur,

510 3067 713 3137 tanto
746 3061 983 3158 magis
1015 3063 1489 3134 succrescunt
1524 3062 1596 3130 et
1630 3055 2021 3152 proficiunt
2057 3058 2364 3133 virtutes
2398 3066 2473 3133 et
2513 3057 2853 3134 scientiae.

773 4732 858 4778 111.
2558 4732 2584 4770 4
