3704 5559
833 439 976 503 424
1557 444 1969 499 COMENTUM
2017 443 2456 497 PURGATonu

832 587 1049 686 bet(¹)
1079 589 1466 688 imaginari
1499 588 1882 684 diligenter
1912 597 2249 663 naturam
2288 595 2361 662 et
2397 588 2916 683 proprietatem
2954 588 3176 661 huius

833 715 1005 808 vitii,
1035 712 1232 808 quod
1260 711 1358 784 ita
1387 709 1749 805 extinguit
1776 710 2030 783 lumen
2068 708 2366 782 rationis
2401 714 2475 783 et
2510 709 2823 805 fumigat
2844 701 2946 804 (²),
2977 710 3173 804 quod

835 838 1056 910 homo
1108 833 1473 908 alienatur
1515 836 1765 905 mente
1799 836 1872 904 et
1908 828 2215 903 incurrit
2255 829 2586 904 furorem
2622 830 2967 924 ferinum,
3003 831 3174 924 quia

836 956 909 1030 in
961 954 1070 1028 ira
1123 951 1493 1027 crudelius
1545 952 1767 1024 homo
1819 949 2219 1043 hominem,
2282 970 2510 1044 quam
2576 950 2731 1025 sera
2783 951 3015 1025 seram
3068 952 3177 1024 la-

835 1080 1060 1168 cerat,
1127 1081 1211 1146 ut
1286 1074 1498 1168 plene
1560 1077 1935 1144 ostensum
2003 1075 2112 1143 est
2176 1069 2250 1142 in
2316 1069 2622 1164 inferno,
2695 1071 2820 1144 ubi
2874 1071 3174 1166 punitur

838 1195 969 1267 ira.
1022 1194 1233 1266 Nunc
1282 1190 1376 1264 ad
1426 1191 1759 1263 literam:
1814 1189 1984 1263 dicit
2035 1189 2232 1283 quod
2286 1210 2667 1283 nunquam
2720 1198 2937 1285 poeta
2994 1191 3169 1264 vidit

835 1311 1357 1388 obscuritatem
1408 1309 1718 1382 similem
1773 1308 1920 1413 isti3
1975 1314 2047 1383 et
2101 1309 2626 1384 sententialiter
2685 1311 2844 1383 vult
2902 1310 3168 1404 dicere,

834 1431 1031 1527 quod
1084 1451 1213 1524 per
1266 1436 1500 1504 totum
1557 1434 1847 1521 tempus
1901 1448 2050 1522 quo
2102 1427 2298 1502 stetit
2332 1427 2406 1500 in
2441 1428 2747 1522 inferno,
2784 1429 2997 1502 cuius
3032 1429 3172 1504 cir—

832 1553 977 1628 culi
1035 1558 1207 1625 sunt
1268 1569 1526 1624 omnes
1586 1548 1976 1642 tenebrosi,
2029 1554 2102 1622 et
2169 1569 2301 1642 per
2364 1555 2601 1622 totum
2673 1557 2963 1644 tempus
3023 1570 3171 1643 quo

830 1672 1026 1747 stetit
1074 1671 1149 1744 in
1200 1669 1476 1743 mundo
1526 1689 1907 1763 nunquam
1964 1667 2138 1741 vidit
2189 1669 2569 1743 tenebram
2610 1668 2919 1743 similem
2975 1669 3164 1741 huic.

828 1791 937 1865 Ad
987 1791 1271 1865 literam
1326 1811 1506 1886 ergo
1556 1788 1724 1863 dicit
1775 1796 2027 1882 poeta:
2066 1791 2270 1879 Bm'0,
2310 1788 2737 1881 obscuritaS,
2780 1791 3171 1883 d’insermn

831 1912 959 2007 qui
1007 1919 1118 1986 est
1167 1931 1459 2005 semper
1510 1916 1582 1985 et
1633 1910 1912 2003 ubique
1963 1909 2346 2002 obscurus,
2391 1908 2553 2003 plus
2606 1915 2854 1983 tamen
2906 1915 2979 1984 et
3029 1911 3172 1981 mi-

835 2052 1012 2123 nus;
1069 2030 1263 2103 unde
1315 2029 1410 2103 ibi
1463 2035 1572 2103 est
1623 2029 1873 2101 sumus
1925 2028 2205 2121 paludis
2238 2028 2560 2123 stygialis
2597 2027 2870 2124 frigidae
2907 2037 2981 2104 et
3024 2031 3168 2102 hu-

839 2149 1075 2242 midae,
1128 2148 1225 2222 ibi
1278 2155 1388 2222 est
1439 2147 1688 2220 sumus
1738 2167 1987 2221 arenae
2030 2147 2349 2221 ardentis
2389 2147 2640 2221 calidae
2682 2153 2755 2222 et
2803 2149 3041 2243 siccae,
3077 2149 3171 2223 ibi

834 2275 944 2344 est
980 2269 1228 2341 fumus
1264 2267 1493 2362 nigrae
1529 2266 1702 2360 picis
1737 2274 1810 2342 et
1844 2273 2295 2361 serpentum,
2326 2267 2420 2341 ibi
2459 2268 2704 2341 sumus
2734 2275 2838 2342 tot
2865 2270 3171 2365 ignium,

833 2412 877 2461 o
915 2392 990 2461 di
1024 2394 1231 2478 noue,
1259 2407 1406 2460 nox
1431 2392 1542 2460 est
1568 2386 1659 2461 de
1694 2406 1774 2460 se
1815 2387 2246 2461 naturaliter
2281 2407 2574 2482 semper
2607 2388 2917 2461 obscura
2955 2408 3174 2482 prop-

836 2515 948 2582 ter
1016 2508 1585 2582 subtractionem
1648 2507 1942 2581 luminis
2008 2508 2263 2581 solaris
2323 2513 2396 2581 et
2455 2507 3169 2603 superinductionem

836 2629 1122 2702 umbrae
1201 2634 1440 2722 terrae,
1510 2627 1636 2702 sed
1699 2627 2023 2702 maxime
2075 2628 2369 2722 quando
2449 2649 2593 2701 non
2668 2634 2837 2701 sunt
2905 2628 3173 2725 sydera

834 2749 1182 2847 fulgentia
1259 2749 1467 2823 coelo.
1539 2748 1709 2822 Ideo
1774 2749 1965 2823 bene
2032 2747 2223 2842 dicit,
2285 2750 2605 2841 privata,
2654 2755 3017 2842 quantum
3084 2750 3177 2823 ad

830 2877 1210 2965 aspectum
1276 2875 1635 2962 nostrum,
1707 2872 1777 2942 d’
1804 2873 1974 2959 oym·
2026 2872 2341 2959 pianeta,
2404 2876 2478 2943 et
2552 2869 2924 2962 potissime
3000 2871 3171 2944 luna

830 3011 1020 3085 quae,
1077 2990 1248 3083 quia
1299 2988 1601 3062 vicinior
1644 2994 1751 3061 est
1789 2993 2030 3080 terrae,
2085 2994 2467 3080 tamquam
2503 2988 2691 3062 alter
2741 2990 2850 3062 sol
2902 2989 3172 3063 illumi-

831 3115 955 3182 nat
1015 3108 1378 3182 mundum
1441 3107 1532 3181 de
1604 3113 1856 3200 nocte;
1923 3106 2087 3180 ideo
2150 3107 2340 3181 bene
2407 3106 2610 3181 dicit:
2675 3115 2852 3180 sotto
2898 3129 3170 3200 povero

829 3231 1023 3317 cieIO,
1078 3234 1437 3321 quantum
1494 3226 1565 3297 in
1617 3226 2064 3320 apparentia,
2110 3226 2282 3319 quia
2333 3226 2633 3320 coelum,
2671 3227 2866 3321 quod
2916 3234 3026 3302 est
3060 3227 3171 3300 di-

832 3345 1191 3419 tissimum
1245 3352 1352 3419 tot
1394 3344 1706 3441 gemmis
1757 3345 2192 3439 lucentibuS,
2245 3351 2420 3419 tunc
2472 3346 2759 3420 videtur
2813 3367 3170 3441 paupera-

833 3471 990 3537 tum
1047 3464 1340 3558 quando
1384 3471 1690 3560 apparet
1725 3465 2094 3559 privatum
2140 3465 2670 3559 pretiosissimis
2722 3466 3170 3540 ornamentis

831 3584 1002 3660 suis.
1058 3585 1146 3658 Et
1195 3585 1505 3659 ostendit
1555 3584 1628 3657 in
1680 3605 2028 3678 supremo
2069 3585 2328 3681 gradu,
2364 3585 2648 3661 dicens:
2685 3594 2943 3678 quanto
2985 3607 3170 3658 esser

821 3699 995 3800 pus),
1047 3705 1293 3798 aliqua
1346 3726 1489 3778 nox
1545 3704 1862 3778 existens
1907 3704 2209 3798 privata,
2245 3707 2321 3778 di
2370 3710 2585 3778 nuvol
2614 3707 2995 3796 tenebrata,
3030 3705 3170 3779 sci-

833 3827 1023 3920 licet,
1078 3826 1276 3898 nube
1327 3825 1444 3898 vel
1481 3824 1747 3898 nebula
1783 3823 2231 3917 densissima,
2278 3825 2836 3918 obscurissima3
2879 3826 3023 3899 tale
3063 3824 3173 3897 in-

831 3967 1056 4041 quam
1108 3945 1409 4038 burum,
1452 3965 1596 4017 non
1639 3947 1788 4037 fece
1838 3947 1917 4016 al
1964 3947 2110 4016 viso
2162 3947 2301 4017 mio
2351 3938 2409 4017 si
2457 3967 2711 4036 yrosso
2752 3950 2928 4037 veIO,
2964 3945 3170 4039 idest,

831 4088 977 4140 non
1028 4066 1127 4139 ita
1164 4065 1431 4140 velavit
1464 4064 1716 4139 videre
1751 4083 2047 4157 meu1n3
2085 4071 2160 4138 et
2194 4063 2569 4160 signanter
2602 4065 2772 4142 dicit
2804 4086 3171 4162 grossum,

832 4186 1004 4280 quia
1055 4185 1301 4259 velum
1356 4183 1552 4279 quod
1605 4184 2038 4278 supponitur
2066 4173 2139 4275 (⁸)
2181 4185 2413 4257 oculis
2464 4186 2645 4259 solet
2698 4206 2859 4260 esse
2910 4185 3173 4259 subtile

831 4308 904 4376 et
961 4304 1146 4396 leve,
1199 4309 1283 4375 ut
1342 4323 1488 4376 non
1548 4302 1892 4397 impediat
1954 4302 2274 4377 totaliter
2336 4303 2612 4397 visum3
2666 4304 2858 4378 istud
2919 4311 3168 4379 autem

954 4487 1011 4551 (¹)
1043 4488 1105 4538 Ε.
1139 4488 1291 4538 debet
1322 4489 1595 4552 diligenter
1626 4490 1954 4541 considerare
1986 4494 2039 4540 et
2070 4490 2337 4554 imaginari
2367 4497 2626 4541 naturam.

957 4564 1011 4627 (¹)
1042 4563 1105 4616 E.
1136 4564 1467 4629 subfumigat.
1968 4564 2021 4628 (⁸)
2052 4566 2104 4617 S.
2138 4569 2527 4631 superponitur.
