3704 5559
1364 507 1643 563 CAN'rth
1692 509 2015 563 TERTIUS,
2772 500 2863 565 89

517 654 612 729 ad
663 653 1111 749 patiendum,
1165 659 1485 727 tormenti
1496 681 1528 749 ,·
1579 655 1653 728 in
1703 655 2052 751 generali.
2091 654 2382 729 Modum
2427 662 2678 730 autem
2719 677 2866 730 non

517 776 675 849 vult
739 796 901 850 esse
970 774 1176 849 nobis
1246 782 1550 869 notum3
1628 777 1823 850 unde
1890 776 2104 850 dicit:
2183 779 2336 867 che,
2399 776 2613 870 idest,
2696 799 2864 870 quae

518 895 749 969 virtus
801 894 1066 989 divina,
1118 916 1262 968 non
1314 900 1477 970 vuol
1519 899 1622 969 αι’
1647 918 1695 969 a
1743 900 1866 969 noi
1912 899 1975 969 si
2035 898 2229 987 sveli,
2281 896 2486 990 idest,
2553 896 2865 972 manife-

518 1021 772 1110 stetur,
825 1037 1018 1088 come
1060 1018 1171 1109 fa,
1222 1016 1425 1110 idest,
1480 1017 1851 1112 quomodo
1902 1016 2212 1111 disponit
2261 1016 2361 1091 sic
2414 1019 2743 1108 umbraS,
2768 1019 2860 1093 ad

515 1158 833 1233 poenam.
900 1138 987 1211 Et
1059 1143 1356 1232 propter
1419 1140 1558 1213 hoc
1631 1139 1802 1213 facit
1869 1138 2215 1213 continuo
2288 1140 2641 1233 optimam
2715 1139 2861 1213 dis·
2927 1150 2930 1153 ’

514 1257 933 1332 suasionem
982 1263 1238 1333 contra
1289 1258 1684 1352 superbam
1737 1257 2235 1332 curiositatem
2279 1258 2689 1352 hominum,
2729 1258 2857 1352 qui

515 1383 860 1471 quaerunt
918 1376 1201 1451 ratione
1267 1378 1580 1451 naturali
1646 1378 2089 1474 investigare
2155 1385 2438 1453 secreta
2506 1379 2661 1473 Dei,
2731 1378 2858 1472 qui

513 1502 763 1571 tamen
815 1516 962 1570 non
1023 1503 1328 1591 possunt
1387 1517 1833 1593 cognoscere
1895 1498 2476 1572 manifestissima
2542 1505 2853 1571 naturae.

513 1616 699 1691 Dicit
747 1637 976 1713 ergo:
1030 1624 1244 1690 mallo
1295 1614 1335 1691 e*
1380 1620 1489 1690 chi
1535 1640 1746 1710 spera
1809 1621 1929 1691 che
1991 1626 2240 1692 nostra
2299 1622 2623 1709 ragione,
2668 1616 2857 1691 scili-

514 1747 634 1814 cet
690 1737 1065 1831 naturalis,
1105 1759 1329 1830 possa
1397 1746 1860 1830 trascorrere,
1930 1739 2314 1814 velocitate
2380 1738 2648 1833 ingenii
2711 1738 2854 1810 hu-

514 1855 734 1949 mani,
770 1859 843 1929 Ia
875 1858 1145 1948 infinita
1179 1862 1323 1949 via,
1359 1857 1562 1952 idest,
1599 1858 2425 1954 incomprehensibilem,
2461 1861 2606 1949 che,
2646 1856 2852 1950 idest,

513 1994 738 2070 quam
776 1974 995 2070 viam,
1029 1997 1174 2049 una
1199 1982 1563 2052 suscanzia
1596 1982 1670 2051 in
1704 1987 1808 2051 tre
1829 2000 2160 2071 persone,
2197 1978 2402 2072 idest,
2437 1979 2633 2052 Deus
2663 1999 2853 2051 unus

512 2101 587 2170 et
618 2095 875 2189 trinuS,
912 2099 1111 2188 tiene,
1147 2097 1414 2172 scilicet
1456 2098 1529 2170 in
1562 2097 1931 2193 puniendo
1972 2098 2296 2172 animam
2339 2098 2851 2191 incorpoream

508 2215 680 2313 igne
742 2206 1127 2311 corporali.
1174 2258 1273 2271 -
1314 2223 1520 2291 State
1582 2219 1712 2292 Hic
1779 2218 2121 2314 Virgilius
2185 2218 2351 2292 facit
2409 2238 2622 2291 suam
2676 2238 2844 2291 sua-

512 2335 788 2429 sionem
841 2336 1036 2411 circa
1101 2339 1438 2412 naturale
1502 2339 1947 2413 desiderium
2005 2338 2298 2432 sciendi,
2351 2344 2426 2411 et
2487 2337 2611 2411 dat
2661 2336 2850 2432 opti-

509 2470 719 2532 mum
766 2457 1149 2532 consilium
1184 2458 1530 2554 generale
1564 2459 1906 2533 omnibus
1941 2458 2381 2553 hominibuS,
2421 2465 2504 2531 ut
2536 2458 2851 2532 debeant

507 2579 842 2654 animum
877 2579 1246 2674 captivare
1296 2580 1370 2653 in
1421 2580 1859 2673 obsequium
1899 2579 2088 2673 fidei,
2121 2579 2406 2654 dicens:
2459 2587 2634 2652 state
2677 2598 2848 2650 con-

511 2702 696 2793 tenti,
743 2720 1009 2773 umana
1075 2708 1317 2809 yeme,
1355 2701 1559 2795 idest,
1613 2721 1658 2774 o
1725 2721 1961 2797 genus
2029 2702 2464 2794 humanum,
2530 2702 2609 2772 al
2655 2701 2846 2791 quia,

508 2820 717 2914 quasi
783 2819 1021 2895 dicat:
1099 2820 1413 2895 sufficiat
1487 2822 1690 2895 vobis
1764 2820 2070 2895 credere
2141 2821 2313 2915 quia
2385 2820 2489 2895 sic
2556 2826 2697 2913 est,
2773 2826 2849 2893 et

506 2960 655 3015 non
707 2961 1046 3034 quaerere
1096 2947 1393 3036 propter
1428 2940 1603 3035 quid
1656 2948 1787 3035 est,
1840 2941 1915 3013 in
1953 2941 2060 3026 his
2100 2941 2191 3015 de
2226 2941 2494 3034 quibus
2544 2962 2588 3014 a
2642 2938 2846 3013 nobis

507 3080 654 3135 non
685 3066 923 3155 potest
954 3061 1166 3155 plene
1198 3061 1551 3156 assignari
1588 3062 1775 3135 ratio
1812 3061 1929 3135 vel
1964 3081 2221 3155 causa,
2250 3060 2604 3135 debemus
2644 3058 2844 3133 enim

504 3179 927 3275 simpliciter
976 3179 1307 3254 confiteri
1359 3181 1533 3273 quia
1587 3181 1753 3256 talia
1813 3188 1987 3255 sunt
2046 3180 2656 3275 supernaturalia,
2709 3199 2846 3254 nec

504 3299 603 3375 de
645 3300 751 3388 eis
798 3303 1191 3395 possumus
1242 3300 1516 3374 habere
1567 3301 1896 3375 notitiam
1952 3301 2083 3374 nisi
2125 3322 2258 3395 per
2293 3299 2842 3374 revelationem.

502 3419 617 3495 Ad.
660 3420 859 3514 quod
908 3427 1082 3495 nota
1131 3419 1328 3514 quod
1378 3421 1785 3495 secundum
1834 3421 2343 3516 philosophum
2393 3419 2660 3513 duplex
2714 3438 2842 3492 co-

501 3538 754 3637 gniti0,
802 3539 965 3615 sive.
1005 3539 1528 3615 demonstratio
1579 3540 1895 3614 habetur
1945 3539 2035 3613 de
2087 3560 2193 3633 re,
2236 3539 2509 3613 scilicet
2547 3543 2844 3633 propter

501 3658 697 3754 quid·
725 3665 803 3735 et
850 3660 1042 3754 quia.
1096 3659 1631 3735 Demonstratio
1682 3666 1982 3755 propter
2026 3658 2203 3752 quid
2237 3664 2348 3732 est
2384 3657 2679 3751 quando
2711 3658 2843 3732 de-

502 3785 955 3872 monstratur
981 3774 1057 3872 (¹)
1108 3787 1182 3855 et
1231 3781 1589 3876 probatur
1652 3780 1957 3855 effectus
2006 3800 2137 3874 per
2188 3798 2489 3853 causam
2544 3799 2713 3872 quae
2763 3778 2843 3852 fit

501 3919 550 3974 a
592 3899 866 3996 priori,
917 3899 1443 3975 demonstratio
1494 3920 1677 3975 vero
1728 3898 1900 3994 quia
1952 3904 2062 3972 est
2124 3919 2292 3991 quae
2351 3898 2433 3972 fit
2493 3918 2540 3971 a
2598 3903 2844 3992 poste-

502 4018 699 4126 riqi,
743 4021 1013 4096 scilicet
1064 4022 1357 4116 quando
1407 4022 1957 4096 demonstratur
2007 4039 2230 4093 causa
2284 4038 2414 4112 per
2465 4018 2841 4113 effectum,

500 4138 689 4215 sieut
732 4141 975 4238 gratia
1024 4143 1341 4238 exempli
1390 4140 1627 4216 simile
1677 4141 2013 4214 videmus
2075 4139 2149 4211 in
2213 4138 2435 4213 rebus
2488 4137 2842 4212 naturali-

499 4257 678 4355 Μῦς
731 4282 1035 4358 magnes
1085 4263 1283 4338 enim
1334 4262 1634 4337 attrahit
1682 4260 1775 4336 ad
1826 4281 1907 4334 se
1943 4260 2250 4354 serrum,
2286 4265 2362 4333 et
2403 4281 2553 4334 non
2587 4267 2839 4335 tamen

498 4381 817 4457 attrahit·
843 4402 1096 4458 aerem
1149 4382 1282 4457 sibi
1334 4381 1759 4457 viciniorem
1798 4388 1874 4455 et
1913 4381 2309 4474 leviorem3
2348 4380 2474 4455 sed
2526 4381 2584 4454 si
2635 4381 2841 4454 adhi-

623 4633 676 4696 (‘)
707 4634 768 4684 E.
802 4635 1188 4686 demonstratur
1219 4634 1435 4686 effectus
1466 4640 1518 4685 et
1553 4634 1803 4697 probatur
1836 4647 1929 4697 per
1962 4649 2187 4685 causam.
