3704 5559
1394 522 1669 576 CANTUS
1719 524 2006 577 ramus.
2776 512 2866 576 29

526 689 654 741 ven
705 675 935 741 tenere
1003 672 1190 740 altro
1260 669 1568 757 via99i0,
1637 666 1834 760 quod
1899 671 2136 739 totum
2201 664 2297 737 ibi
2367 666 2581 760 plene
2647 686 2876 760 expo-

526 788 746 862 situm
799 788 969 880 fuit3
1007 788 1177 881 quia
1230 786 1500 860 scilicet
1540 786 1926 879 oportebat
1959 787 2269 860 Dantem
2303 786 2750 861 descendere
2785 786 2878 861 de

528 929 722 982 novo
774 909 867 982 ad
918 908 1312 1001 infernum,
1365 906 1492 981 sed
1545 927 1677 1002 per
1728 905 1946 981 aliam
1991 905 2186 979 viam
2231 928 2456 999 quam
2493 908 2732 1000 primo
2767 908 2876 979 in-

528 1035 872 1121 traverat,
925 1029 1197 1103 scilicet
1246 1047 1377 1122 per
1427 1028 2028 1122 speculationem,
2083 1032 2165 1099 ut
2225 1027 2512 1121 cognita
2579 1027 2874 1101 miseria

529 1149 875 1222 vitiorum
930 1148 1206 1222 facilius
1257 1147 1675 1242 perveniret
1725 1146 1818 1220 ad
1878 1145 2389 1240 purgationem
2444 1165 2704 1219 eorum
2728 1170 2747 1238 3
2802 1153 2876 1219 et

530 1288 700 1344 ecce
752 1269 947 1343 viam
999 1289 1131 1363 per
1182 1289 1407 1361 quam
1444 1266 1620 1340 duxi
1656 1287 1872 1340 eum:
1919 1272 2259 1338 mos-trata
2301 1268 2389 1337 ho
2440 1269 2537 1339 lui
2587 1273 2756 1338 tutia
2800 1269 2875 1337 Ia

525 1397 725 1483 yeme
770 1392 912 1481 ria,
948 1388 1153 1482 idest,
1195 1408 1453 1461 omnes
1505 1408 1769 1481 pravos
1810 1386 2102 1482 punitos
2143 1387 2213 1458 in
2259 1387 2578 1480 insern03
2624 1393 2696 1461 et
2737 1388 2875 1459 hoc

528 1514 639 1584 est
691 1529 952 1583 verum
1004 1508 1097 1581 de
1146 1507 1541 1602 generibus
1592 1506 2081 1601 singulorum,
2135 1512 2209 1579 et
2243 1526 2389 1579 non
2439 1506 2530 1580 de
2573 1506 2874 1601 singulis

526 1648 918 1726 generum,
985 1630 1072 1699 ed
1145 1648 1281 1698 ora
1346 1628 1625 1698 intendo
1675 1631 1989 1696 mostrar
2048 1628 2253 1715 quelli
2309 1628 2534 1717 spirti,
2606 1625 2877 1697 scilicet

527 1747 1062 1844 poenitentium,
1098 1748 1216 1819 che
1259 1766 1547 1838 puryan
1597 1767 1670 1817 se
1716 1752 1895 1817 sotto
1947 1748 2018 1816 la
2073 1752 2192 1817 tua
2242 1737 2455 1836 balia,
2502 1744 2707 1833 idest,
2746 1743 2874 1835 qui

528 1867 981 1943 mundantur
1029 1887 1076 1940 a
1126 1866 1437 1962 peccatis
1490 1865 1561 1937 in
1614 1864 2070 1959 purgatorie,
2105 1865 2316 1937 cuius
2362 1870 2439 1936 tu
2486 1884 2564 1937 es
2606 1868 2872 1936 custos

527 1989 617 2062 Et
666 1995 972 2063 excusat
1019 2005 1100 2061 se
1150 1985 1492 2081 Virgilius
1543 1984 1599 2057 si
1653 2006 1798 2057 non
1843 1990 2098 2057 narrat
2137 1989 2367 2057 totam
2407 1983 2725 2056 formam
2763 1981 2876 2054 sui

533 2126 937 2201 processuS,
988 2105 1280 2179 dicens:
1334 2107 1508 2177 com’
1532 2107 1602 2175 io
1637 2106 1682 2177 l’
1707 2106 1797 2175 ho
1833 2110 2072 2194 trane,
2115 2103 2406 2197 scilicet,
2442 2123 2576 2197 per
2618 2121 2876 2175 omnes

534 2227 844 2302 circulos
896 2226 1179 2320 inferni,
1228 2228 1419 2298 seria
1457 2228 1667 2315 lonqo
1702 2245 1768 2295 ·a
1805 2226 1998 2314 dirti,
2037 2223 2208 2317 quia
2244 2223 2561 2296 multum
2600 2242 2878 2317 expen-

530 2346 785 2422 derem
835 2345 1210 2441 temporiS,
1261 2353 1335 2419 et
1386 2347 1525 2418 hoc
1576 2350 1769 2417 esset
1820 2343 2073 2416 inutile
2125 2342 2280 2435 sibi,
2330 2349 2403 2417 et
2455 2363 2602 2415 non
2653 2361 2878 2434 expe-

530 2466 736 2541 diens
800 2465 949 2561 tibi,
1001 2465 1172 2559 quia
1204 2456 1277 2557 (⁴)
1348 2464 1474 2538 tibi
1543 2463 1810 2538 sufficit
1877 2463 1969 2536 ad
2033 2462 2563 2537 admittendum
2637 2461 2874 2556 ipsum

533 2586 725 2660 intra
776 2605 1090 2681 regnum
1143 2591 1383 2677 tuum,
1428 2584 1666 2657 solum
1721 2583 1931 2675 scire,
1968 2582 2166 2674 quod
2218 2602 2308 2655 ex
2361 2581 2598 2676 gratia
2633 2579 2875 2653 divina

534 2713 610 2785 et
655 2708 961 2782 honoeta
1009 2705 1103 2781 de
1152 2725 1375 2779 causa
1414 2703 1687 2798 veniat,
1726 2702 1922 2776 unde
1956 2702 2163 2776 dicit:
2201 2696 2383 2774 viri&
2419 2704 2537 2773 che
2575 2703 2873 2772 m'aiuca

534 2829 949 2903 conducerlo
998 2848 1046 2898 a
1096 2828 1357 2899 vederii
1407 2831 1472 2896 et
1517 2825 1780 2897 audirii
1827 2825 2073 2896 scende
2122 2824 2278 2894 dell'
2297 2824 2465 2910 alic,
2512 2820 2782 2893 scilicet
2832 2839 2877 2891 a

534 2951 743 3043 coelo,
797 2948 972 3042 quia
1021 2967 1190 3020 mea
1241 2945 1474 3019 virtus
1526 2946 1851 3017 humana
1912 2962 2059 3015 non
2118 2947 2280 3016 erat
2338 2961 2470 3036 per
2530 2960 2610 3013 se
2670 2939 2878 3012 suffi-

535 3068 731 3144 ciens
781 3067 875 3142 ad
926 3067 1085 3141 hoc.
1113 3106 1215 3119 —
1247 3070 1352 3139 Or
1402 3068 1453 3137 ti
1485 3066 1786 3156 piaccia.
1829 3063 2039 3134 Nunc
2077 3059 2419 3156 Virgilius
2459 3059 2631 3131 facit
2664 3077 2877 3131 suam

535 3187 952 3284 petitionem
980 3184 1476 3281 principaliter
1512 3183 1864 3256 intentam
1902 3179 2178 3274 Catoni,
2211 3186 2285 3253 et
2317 3179 2606 3253 adiurat
2641 3178 2880 3272 ipsum

534 3325 666 3404 per
714 3325 1016 3400 causam
1067 3304 1590 3399 acceptabilem
1635 3323 1802 3396 quae
1849 3300 2125 3375 inducit
2174 3320 2350 3374 eum
2404 3306 2486 3373 ut
2537 3298 2880 3394 dignetur

537 3427 923 3504 admittere
980 3426 1245 3521 ipsum,
1297 3424 1424 3518 qui
1486 3442 1784 3496 summo
1848 3421 2087 3495 studio
2153 3420 2418 3514 quaerit
2466 3420 2878 3493 libertatem

538 3548 877 3641 exemplo
924 3545 1149 3641 ipsius
1198 3543 1508 3619 Catonis.
1563 3542 1702 3616 Sed
1743 3542 1837 3615 ad
1880 3540 2419 3636 intelligendam
2462 3539 2674 3611 istam
2717 3537 2879 3610 lite-

537 3685 701 3745 ram
744 3665 1070 3741 *nobilem
1121 3670 1195 3739 et
1245 3662 1610 3755 subtilem,
1663 3662 1831 3735 volo
1870 3667 1943 3735 te
1976 3660 2300 3756 apertius
2331 3651 2402 3751 (²)
2443 3659 2676 3742 multa
2711 3658 2877 3751 pul-

540 3807 667 3864 cra
715 3797 993 3864 notare.
1046 3784 1135 3858 Et
1186 3783 1424 3879 primo
1475 3781 1771 3875 quidem
1809 3780 2006 3874 quod
2042 3779 2209 3853 felix
2246 3798 2482 3874 genus
2532 3796 2878 3850 romano-

543 3919 713 3981 rum
760 3926 896 4002 pro
946 3925 1217 4001 magna
1266 3908 1477 3999 parte
1526 3900 1747 3997 gessit
1795 3899 2162 3996 magnalia
2204 3896 2553 3971 libertatis
2595 3913 2874 3967 amore.

532 4025 741 4103 Unde
790 4024 1242 4122 Augustinus
1281 4023 1374 4097 de
1415 4022 1721 4095 Civitate
1760 4021 1931 4093 Dei:
1987 4024 2159 4091 Haec
2201 4022 2491 4110 suerunt
2527 4015 2881 4108 praecipue

537 4147 661 4222 ina
712 4148 886 4238 duo,
955 4165 1108 4237 quoe
1169 4143 1648 4235 compulerunt
1709 4159 2047 4212 romanos
2112 4140 2212 4210 ad
2268 4142 2464 4227 ,qesta
2515 4135 2882 4223 miranda,

537 4268 792 4342 seilicet
835 4267 1140 4359 defensio
1188 4264 1519 4336 libertatis
1569 4268 1636 4334 el
1681 4262 2018 4352 cupiditas
2083 4260 2333 4349 ylorioe
2347 4283 2378 4351 ,·
2445 4256 2618 4351 quia
2685 4253 2879 4328 enim

538 4383 944 4483 fflofioeum
994 4383 1381 4458 videbatur
1413 4382 1518 4456 eis
1552 4379 1913 4454 dominari
1947 4385 2172 4472 atque
2207 4378 2613 4472 imperare3
2651 4373 2886 4470 inglo-

667 4636 722 4696 (¹)
755 4637 814 4686 E.
849 4638 967 4700 quia
999 4635 1203 4687 sufficit.
1580 4631 1635 4695 (¹)
1672 4638 1759 4684 117
1792 4648 1821 4684 e
1856 4635 1916 4683 E.
1951 4635 2110 4697 prius.
