3704 5559
1114 475 1391 528 CANTus
1444 475 1753 529 Decimus
1802 474 2141 528 ocnvus.
2655 463 2795 527 495

462 643 635 697 vere
687 622 822 695 ista
872 642 1052 717 gens
1103 620 1238 692 fuit
1290 620 1464 695 vilis,
1510 627 1582 694 et
1648 622 1867 714 lenta,
1921 622 2093 714 quia
2159 642 2330 695 cum
2393 623 2705 697 venisset
2754 642 2797 694 a

459 743 672 816 Troia
725 742 798 814 in
850 739 1192 833 Siciliam,
1228 760 1399 812 cum
1447 747 1552 813 tot
1595 740 1989 833 laboribuS‚
2032 740 2370 834 periculis
2405 748 2478 814 et
2522 741 2799 814 incom-

459 862 716 955 modiS,
743 862 931 935 bene
967 865 1302 954 poterant
1342 859 1649 933 transire
1682 860 1962 933 Italiam
1997 853 2098 953 (¹),
2129 880 2296 952 quae
2324 868 2435 935 est
2468 866 2800 954 separata

457 1004 502 1056 a
553 981 791 1056 Sicilia
842 979 1355 1076 angustissimo
1410 980 1644 1073 pharo
1693 981 2058 1053 Messanae.
2113 980 2283 1054 Ideo
2343 981 2532 1055 bene
2590 980 2795 1054 dicit:

462 1108 712 1193 offerse
760 1123 832 1174 se
880 1109 1097 1173 stessa
1145 1121 1193 1171 α
1245 1102 1411 1188 vica,
1447 1098 1653 1191 idest,
1688 1099 1780 1172 ad
1819 1098 2211 1173 vivendum
2256 1100 2329 1172 in
2379 1100 2551 1194 otio,
2583 1122 2801 1172 senza

462 1225 724 1312 moria,
777 1220 949 1314 quia
1000 1241 1146 1292 non
1198 1218 1395 1291 venit
1445 1240 1618 1292 cum
1671 1219 1827 1291 aliis
1886 1219 1978 1293 ad
2044 1219 2497 1293 fundandum
2553 1240 2801 1293 roma-

461 1362 641 1412 num
679 1338 1070 1433 imperium
1106 1338 1808 1433 gloriosum—Poi.
1840 1338 1970 1411 Hic
2005 1338 2263 1412 ultimo
2296 1346 2510 1433 poeta
2547 1338 2802 1412 finiens

464 1464 855 1532 tractatum
909 1456 1202 1530 accidiae
1237 1462 1312 1530 et
1345 1457 1689 1531 claudens
1727 1457 1916 1529 istud
1954 1459 2193 1532 nobile
2228 1459 2627 1553 capitulum
2671 1457 2801 1532 de-

460 1578 707 1651 scribit
756 1598 968 1650 suam
1020 1576 1558 1670 dispositionem
1614 1583 1690 1650 et
1737 1585 2168 1671 apparatum
2217 1578 2310 1652 ad
2363 1584 2795 1672 sequentem

464 1698 869 1771 materiam.
938 1696 1139 1771 Unde
1199 1696 1406 1770 dicit:
1461 1699 1592 1769 Poi
1653 1701 1937 1792 quando
2002 1701 2218 1788 quelle
2277 1700 2539 1787 ombre,
2593 1698 2796 1790 idest,

462 1817 728 1891 animae
777 1815 1158 1910 praedictae‚
1206 1819 1331 1907 sur
1381 1818 1478 1887 da
1528 1819 1649 1887 noi
1683 1823 1874 1889 tanto
1912 1819 2150 1909 divise,
2208 1838 2340 1912 per
2389 1818 2798 1890 distantiam

461 1935 621 2028 loci,
674 1938 791 2007 che
841 1937 1050 2008 veder
1093 1930 1217 2026 ρι’ΐι
1267 1956 1412 2006 non
1453 1939 1744 2027 poter-si,
1790 1955 1927 2008 nec
1967 1935 2203 2008 audiri
2250 1936 2599 2029 similiter,
2637 1936 2801 2010 ideo

463 2075 553 2128 ne
588 2055 1049 2128 incurrerem
1086 2054 1342 2128 vitium
1379 2055 1694 2149 accidiae,
1729 2075 1960 2127 nuovo
1986 2059 2343 2147 pensiero,
2383 2057 2675 2149 scilicet,
2710 2056 2803 2130 de

465 2194 655 2247 nova
706 2173 1011 2247 materia
1063 2166 1527 2268 venandae),
1563 2178 1810 2247 denlro
1862 2196 1910 2246 a
1961 2196 2068 2246 me
2106 2179 2170 2247 si
2202 2179 2397 2266 mise,
2438 2175 2641 2268 idest,
2695 2176 2803 2247 in-

466 2294 681 2366 travit
733 2300 1052 2367 mentem
1108 2313 1379 2387 meam,
1431 2297 1547 2366 del
1593 2297 1762 2386 qual
1797 2289 1924 2386 piel
1975 2298 2143 2368 alm'
2189 2316 2540 2386 nacquero
2598 2318 2637 2368 e
2693 2298 2803 2368 di-

463 2416 649 2485 versi
659 2439 690 2506 ,·
743 2417 814 2485 et
862 2412 1062 2486 dicit:
1117 2435 1154 2485 e
1205 2421 1395 2486 tanto
1447 2417 1515 2486 d’
1540 2434 1681 2485 uno
1731 2417 1806 2486 in
1855 2417 2039 2486 altro
2089 2418 2466 2504 vaneyyiai
2521 2417 2640 2486 che
2706 2417 2805 2504 qli

464 2533 652 2602 ocelli
691 2552 824 2622 per
874 2534 1236 2621 vayhezza
1277 2535 1643 2623 ricopersi,
1690 2532 1900 2624 quasi
1951 2533 2187 2606 dicat:
2240 2533 2652 2624 obdormui‚
2690 2555 2726 2605 e
2758 2536 2809 2604 'l

459 2658 903 2745 pensamenlo
927 2655 1002 2723 in
1026 2673 1248 2741 soyno
1284 2654 1672 2724 trasmutai.
1701 2650 1875 2724 Vult
1899 2651 2168 2745 dicere,
2207 2651 2402 2745 quod
2430 2653 2500 2724 in
2543 2672 2802 2726 somno

465 2769 629 2843 fecit
682 2769 1013 2845 mirabile
1062 2771 1431 2845 somnium
1499 2771 1697 2864 quod
1760 2771 2197 2847 describitur
2262 2771 2571 2845 mirabili
2642 2776 2804 2845 arte

464 2890 777 2984 capitulo
829 2892 1199 2982 sequenti;
1251 2898 1324 2965 et
1376 2912 1509 2985 per
1544 2891 1733 2965 istud
1769 2892 2139 2964 somnium
2183 2898 2398 2991 poeta
2432 2891 2555 2965 dat
2593 2890 2803 2964 intel-

465 3009 584 3105 ligi
635 3009 1072 3104 profundam
1121 3011 1685 3085 abstractionem
1730 3011 2015 3104 menti8‚
2059 3032 2189 3105 per
2234 3032 2456 3105 quam
2495 3011 2661 3084 fecit
2693 3011 2803 3084 al-

467 3134 615 3203 tam
672 3128 1057 3223 fictionem,
1109 3137 1194 3202 ut
1243 3131 1484 3203 statim
1537 3130 1895 3222 sequitur.

589 3388 642 3449 (¹)
675 3389 736 3439 Ε.
771 3393 971 3451 poterat
1004 3390 1220 3439 transire
1252 3389 1305 3438 in
1335 3389 1554 3439 ltaliam.
1929 3387 1985 3451 (¹)
2019 3390 2080 3441 E.
2114 3391 2474 3455 investiganda.
