3704 5559
1353 517 1626 573 CANTus
1675 520 1960 573 Primus,
2737 511 2827 577 23

481 666 842 738 luntatem
897 662 1272 757 nobilium,
1311 664 1439 757 qui
1482 666 1678 738 hunc
1723 665 1968 738 virum
2006 665 2312 739 oderant
2346 672 2419 740 et
2457 667 2830 760 timebant,

480 784 716 859 factus
766 804 1032 857 censor
1082 803 1255 856 cum
1308 784 1381 855 L.
1439 783 1728 857 Valerio
1779 786 2037 858 Flacco
2099 805 2321 877 quem
2388 787 2538 879 ipse
2601 788 2831 861 voluit

482 906 840 1001 collegam
901 904 1050 998 egit
1117 904 1656 978 severissimam
1723 925 2141 998 censuram,
2210 907 2478 980 multos
2545 913 2832 980 notatos

483 1026 779 1100 infamia
830 1024 1108 1120 expulit
1160 1025 1252 1098 de
1297 1026 1593 1119 Senatu,
1631 1026 2002 1120 praecipue
2051 1026 2124 1097 L.
2164 1026 2514 1113 Quintum
2559 1027 2833 1101 Flami-

483 1146 688 1218 nium
739 1146 1046 1218 fratrem
1083 1143 1219 1215 Titi
1255 1144 1585 1217 Flaminii
1632 1145 1880 1240 magni
1923 1145 2148 1237 duciS,
2188 1146 2314 1238 qui
2353 1146 2625 1220 vicerat
2663 1148 2833 1219 Phi-

484 1266 756 1362 lippum
813 1285 1071 1360 regem
1124 1265 1583 1358 Macedoniae,
1623 1266 1795 1359 quia
1833 1266 1953 1339 ille
1993 1266 2263 1339 Lucius
2297 1267 2684 1340 Placentiae
2721 1266 2831 1340 fe-

483 1391 688 1461 cerat
754 1384 1146 1479 decapitari
1217 1385 1591 1458 hominem
1664 1385 1738 1456 in
1802 1385 2136 1458 convivio
2208 1386 2546 1480 quamvis
2613 1406 2829 1458 reum

484 1504 742 1579 mortis
774 1504 866 1580 ad
898 1504 1316 1577 instantiam
1353 1505 1570 1576 unius
1606 1525 1761 1577 suae
1797 1505 2310 1597 meretriculae,
2342 1526 2509 1599 quae
2544 1505 2829 1578 dicebat

484 1645 896 1718 numquam
963 1623 1226 1697 vidisse
1285 1624 1657 1697 hominem
1719 1624 2101 1717 decollari,
2164 1644 2411 1697 mores
2443 1634 2446 1637 ’
2477 1645 2704 1698 novos
2757 1632 2831 1699 et

483 1751 870 1839 corruptos
919 1744 1307 1838 extirpavit
1357 1751 1430 1818 et
1481 1745 1819 1837 antiquos
1874 1744 2336 1819 reformavit:
2392 1751 2467 1818 et
2518 1752 2598 1818 ut
2654 1767 2834 1818 con-

483 1863 776 1938 cludam
827 1863 992 1955 cito,
1046 1864 1206 1936 talis
1255 1864 1391 1938 fuit
1442 1864 1576 1936 ista
1636 1884 1973 1956 censura,
2028 1863 2226 1957 quod
2278 1884 2450 1937 cum
2504 1864 2707 1959 prius
2758 1871 2832 1938 et

480 1989 731 2079 postea
785 1980 997 2055 multi
1055 1982 1327 2055 fuerint
1388 2003 1728 2056 censores
1796 1982 1964 2056 viri*
2003 1982 2341 2077 illustreS,
2394 1983 2573 2056 Cato
2635 1984 2831 2057 solus

483 2103 757 2178 meruit
803 2121 1215 2197 cognomen
1268 2102 1611 2194 censoriS,
1666 2107 1738 2176 et
1797 2109 2102 2176 vocatus
2162 2110 2270 2177 est
2322 2103 2500 2176 Cato
2554 2105 2830 2178 Censo-

484 2214 764 2316 rius(⁴).
815 2223 923 2297 De
974 2223 1248 2297 Catone
1299 2223 1680 2316 superiore
1714 2223 1885 2297 satis
1926 2223 2202 2296 dictum
2247 2230 2395 2297 est:
2448 2223 2539 2297 de
2590 2233 2836 2318 poste-

392 2384 399 2391 ·
483 2342 680 2416 riore
745 2341 935 2416 dicta
1012 2348 1183 2415 sunt
1254 2342 1610 2416 mirabilia
1675 2342 1942 2416 Inferni
2019 2342 2337 2436 capitulo
2407 2344 2612 2416 XIllI.
2703 2344 2833 2416 Hic

480 2462 682 2538 enim
734 2461 911 2535 Cato
961 2460 1217 2534 habuit
1269 2482 1536 2554 corpus
1588 2461 2029 2557 infatigabile
2080 2469 2154 2533 et
2206 2463 2540 2535 animum
2594 2463 2833 2535 invin-

483 2581 797 2676 cibilem,
834 2581 961 2674 qui
1010 2581 1295 2655 fortiter
1345 2588 1419 2655 et
1453 2582 1811 2675 patienter
1845 2582 2163 2675 portavit
2197 2583 2270 2658 in
2305 2603 2532 2656 arena
2571 2582 2832 2655 Africae

484 2701 731 2775 omnia
798 2700 1277 2774 intolerabilia
1338 2701 1824 2795 incommoda,
1880 2701 2228 2796 pericula,
2290 2701 2580 2795 damna,
2643 2702 2833 2774 sicut

482 2820 905 2897 violentiam
983 2822 1181 2894 venti
1255 2822 1598 2915 austrini,
1679 2840 2065 2902 excessum
2143 2821 2436 2913 caloriS,
2514 2820 2835 2914 inopiam

480 2960 881 3035 aquarum,
911 2959 1247 3014 errorem
1276 2940 1592 3032 viarum,
1623 2939 1940 3012 multum
1981 2940 2241 3013 timens
2282 2940 2624 3013 omnibus
2660 2940 2834 3031 suis,

480 3059 620 3134 sibi
667 3079 851 3134 vero
918 3058 1116 3131 nihil.
1170 3057 1313 3133 Sed
1377 3060 1622 3132 omnia
1688 3060 1844 3132 haec
1915 3060 2107 3131 mala
2171 3066 2384 3131 erant
2444 3059 2832 3133 laevissima

482 3178 619 3254 nisi
677 3178 1074 3254 iuvenisset
1131 3179 1419 3253 diversa
1482 3199 1757 3274 genera
1820 3184 2244 3274 serpentum
2313 3179 2833 3274 pestilentium,

482 3299 967 3397 infligentium
1020 3299 1222 3373 varia
1274 3319 1550 3394 genera
1603 3299 1957 3372 mortium
2011 3299 2356 3393 inaudita,
2400 3300 2587 3373 sicut
2620 3300 2836 3394 plene

487 3420 837 3516 scriptum
890 3428 1003 3496 est
1050 3419 1317 3493 Inferni
1382 3419 1700 3513 capitulo
1752 3419 2006 3490 XXIIII
2058 3426 2130 3492 et
2183 3419 2430 3511 XXV,
2462 3426 2536 3493 et
2589 3427 2838 3493 tamen

486 3538 679 3614 inter
729 3544 838 3613 tot
883 3546 1122 3634 pestes
1172 3543 1245 3612 et
1295 3546 1574 3611 mortes
1632 3559 1943 3611 suorum
2010 3559 2420 3631 numquam
2484 3538 2599 3612 hic
2658 3539 2837 3611 Cato
2877 3535 2880 3538 ’

484 3659 690 3735 visus
737 3665 848 3733 est
895 3659 1173 3733 fractus
1214 3664 1342 3731 aut
1387 3658 1801 3753 negligens;
1847 3658 1996 3730 imo
2035 3659 2267 3731 virtus
2303 3658 2593 3731 Catonis
2636 3659 2838 3730 simi-

484 3780 577 3854 lis
607 3785 766 3855 erat
814 3779 1070 3853 virtuti
1120 3776 1487 3852 nutritivae
1539 3799 1706 3871 quae
1758 3798 2169 3870 numquam
2213 3779 2539 3872 quiescit,
2579 3778 2728 3850 imo
2757 3770 2833 3868 (²)

487 3898 1337 3994 caeterisquiescentibus
1389 3899 1542 3993 ipsa
1593 3898 1866 3993 vigilat,
1921 3906 1994 3972 et
2041 3898 2275 3993 magis
2311 3898 2594 3970 laborat
2631 3897 2838 3991 dige-

480 4020 719 4097 rendo
767 4020 1018 4094 cibum
1070 4023 1146 4094 et
1197 4017 1675 4092 ministrando
1726 4017 2069 4090 omnibus
2121 4016 2476 4089 membris
2526 4016 2838 4088 alimen-

482 4145 669 4230 tum.
735 4138 906 4214 Ideo
971 4138 1151 4213 Cato
1215 4138 1351 4211 iste
1411 4137 1816 4210 merentius
1881 4136 2398 4229 triumphasset
2459 4134 2552 4208 de
2610 4155 2840 4210 arena

482 4258 770 4354 Africae,
821 4279 1048 4352 quam
1102 4258 1290 4331 alter
1342 4258 1520 4332 Cato
1572 4276 1706 4352 pro
1756 4255 2096 4349 Hispania
2148 4255 2559 4350 subiugata.
2614 4256 2838 4330 Multa

484 4379 796 4476 sparsim
847 4377 1114 4474 scripta
1164 4384 1336 4451 sunt
1386 4376 1583 4471 apud
1626 4377 1955 4450 diversos
2006 4382 2304 4450 autores
2355 4376 2448 4450 de
2498 4376 2836 4449 laudibus

613 4628 665 4690 (¹)
698 4629 759 4678 E.
792 4628 1117 4679 Censorinus,
1587 4625 1641 4690 (¹)
1674 4628 1735 4678 Ε.
1771 4629 1859 4678 sed
1893 4629 2109 4678 caeteris.

1863 4715 1904 4746 Q
