3704 5559
1152 520 1426 574 CANTus
1477 519 1791 574 m-:cmus
1840 520 2227 576 SECUNDUS,
2718 508 2857 575 333

518 669 654 741 tilis
709 687 855 740 non
908 667 1102 740 valet
1153 664 1284 737 nisi
1335 664 1426 737 ad
1479 664 1872 738 fallendum
1921 667 2034 738 vel
2078 665 2509 758 capiendum
2568 687 2859 740 muscas

518 788 843 863 volantes
896 793 969 860 et
1022 786 1301 858 minuta
1352 785 1720 878 animalia,
1774 784 1873 859 ita
1938 785 2078 860 tale
2138 806 2322 879 opus
2386 787 2647 861 subtile
2713 808 2858 861 non

519 909 711 981 valet
761 905 894 979 nisi
946 904 1037 979 ad
1089 904 1522 999 capiendum
1554 897 1627 995 (¹)
1655 905 1973 999 juvenes
2012 926 2257 999 vanOS‚
2294 905 2420 980 sed
2464 927 2609 979 non
2644 927 2855 981 senes

521 1048 697 1103 vere
735 1026 1336 1121 philosophantes,
1373 1025 1567 1120 Ergo
1603 1024 1790 1098 bene
1825 1024 2198 1097 finxerunt
2232 1033 2467 1119 poetae
2502 1047 2853 1100 araneam

523 1167 683 1221 esse
757 1146 1078 1220 odiosam
1156 1134 1447 1236 Palladi,
1527 1163 1695 1236 quae
1785 1143 1882 1217 ita
1958 1143 2282 1216 confudit
2346 1151 2418 1218 et
2485 1145 2859 1219 damnavit

521 1287 705 1360 opus
749 1267 927 1341 eius,
956 1305 1054 1318 —
1089 1269 1149 1338 Ο
1190 1264 1517 1336 Roboam.
1554 1263 1683 1336 Hic
1717 1270 1934 1357 poeta
1970 1264 2309 1336 describit
2345 1264 2570 1336 alium
2606 1271 2855 1336 actum

521 1392 592 1459 et
643 1385 983 1459 effectum
1037 1382 1534 1478 superbissimi
1588 1381 1799 1478 regis,
1843 1380 1949 1454 Ad
1987 1382 2181 1475 quod
2223 1382 2624 1476 sciendum,
2660 1381 2857 1475 quod

521 1507 705 1580 sicut
756 1506 1023 1601 legitur
1076 1506 1261 1578 libro
1312 1504 1598 1598 Regum
1638 1507 1711 1576 et
1746 1502 1932 1575 libro
1969 1502 2254 1597 Josephi
2302 1502 2855 1597 Antiquitatum,
2984 1522 2993 1533 ·

519 1627 842 1700 Roboam
899 1626 1085 1699 filius
1145 1623 1650 1719 sapientissimi
1716 1622 2122 1696 Salomonis
2187 1630 2262 1696 et
2320 1623 2857 1697 clementissimi

520 1746 748 1820 David
797 1766 1043 1840 Πῶρος,
1102 1752 1398 1818 mortuo
1450 1750 1658 1838 patre
1715 1743 1911 1816 venit
1972 1743 2313 1838 regaliter
2372 1743 2733 1837 superbus
2783 1743 2855 1815 in

523 1876 793 1941 terram
838 1866 1149 1959 Sichem,
1189 1865 1311 1938 ubi
1349 1869 1797 1937 convenerat
1840 1863 2227 1936 universus
2262 1864 2573 1958 populus
2607 1865 2857 1957 lsrael,

520 1987 645 2080 qui
697 1985 1124 2080 supplicavit
1159 1983 1312 2079 regi
1367 1990 1450 2055 ut
1500 1982 1927 2078 dignaretur
1969 1981 2313 2057 alleviare
2342 1984 2611 2078 jugum
2658 1982 2855 2075 quod

521 2105 866 2179 Salomon
917 2104 1364 2198 imposuerat
1414 2102 1539 2176 eis.
1577 2102 1908 2175 Roboam
1951 2109 2229 2195 autem,
2265 2108 2509 2196 spreto
2560 2101 2857 2176 consilio

524 2226 928 2318 seniorum,
979 2231 1054 2297 et
1091 2223 1475 2318 Juniorum
1531 2221 2279 2316 consilioxacceptatm
2325 2222 2856 2316 responditsssu-

520 2345 768 2440 perbe‚
822 2344 1016 2438 quod
1071 2343 1416 2415 minimus
1467 2341 1732 2436 digitus
1794 2362 1974 2413 suus
2039 2349 2201 2415 erat
2262 2342 2585 2437 grossior
2637 2342 2855 2416 dorso

517 2471 843 2560 paterno,
899 2470 973 2539 et
1024 2463 1220 2558 quod
1271 2463 1329 2535 si
1382 2470 1588 2555 pater
1639 2467 2101 2555 percusserat
2151 2482 2277 2536 eos
2328 2463 2650 2557 flagellis,
2706 2462 2855 2557 ipse

518 2587 829 2661 caederet
857 2577 930 2677 (²)
986 2606 1113 2659 eos
1163 2582 1684 2677 scorpionibus,
1724 2583 2045 2676 Populus
2084 2581 2420 2655 turbatus
2473 2582 2851 2656 rebellavit

516 2707 687 2801 sibi3
740 2726 913 2779 nam
962 2705 1219 2778 decem
1273 2702 1505 2776 tribus
1558 2708 2023 2776 recesserunt
2063 2707 2237 2775 tunc
2277 2702 2370 2775 ab
2407 2722 2519 2796 ec,
2557 2709 2630 2775 et
2662 2721 2853 2797 prae-

518 2827 851 2900 fecerunt
902 2825 1034 2899 sibi
1084 2824 1474 2897 Jeroboam
1521 2843 1798 2918 regem,
1843 2833 1918 2898 et
1950 2821 2266 2896 Adoram
2305 2822 2848 2895 thesaurarium

519 2951 885 3040 petentem
953 2944 1309 3017 tributum
1379 2942 1904 3036 lapidaverunt.
1959 2943 2120 3029 Quo
2195 2941 2467 3035 audito,
2520 2941 2848 3014 Roboam

517 3064 949 3139 terrefactus
998 3061 1321 3135 ascendit
1372 3062 1613 3135 subito
1664 3081 1999 3155 currum,
2051 3066 2124 3135 et
2186 3081 2357 3135 cum
2427 3081 2692 3155 magna
2748 3060 2853 3134 se-

515 3183 848 3258 stinantia
903 3182 1170 3278 refugit
1197 3171 1271 3273 (³)
1322 3182 1393 3254 in
1428 3182 1835 3255 Jerusalem
1874 3178 2120 3254 sedem
2160 3179 2365 3275 regni
2402 3180 2556 3253 sui:
2594 3184 2850 3252 contra

514 3324 736 3398 quem
789 3303 1025 3378 Sisoth
1077 3323 1208 3377 rex
1262 3301 1573 3396 AEgypti‚
1625 3300 1874 3374 audita
1924 3299 2295 3393 seditione,
2333 3300 2681 3373 continuo
2722 3319 2854 3373 ve-

513 3424 638 3517 nit,
690 3429 763 3497 et
813 3428 1092 3497 vastata
1148 3421 1448 3517 regione
1497 3420 1695 3493 ferro
1744 3427 1819 3493 et
1879 3418 2048 3515 igne
2107 3418 2386 3494 obsedit
2444 3419 2850 3493 Jerusalem

512 3563 680 3617 cum
733 3563 1130 3617 numeroso
1159 3529 1234 3634 (⁴)
1269 3540 1621 3616 exercitu.
1660 3539 1799 3613 Sed
1835 3539 2164 3613 Roboam
2202 3559 2293 3614 ex
2333 3539 2851 3633 superbissimo

510 3662 743 3736 factus
809 3662 1217 3755 vilissimuS‚
1287 3660 1778 3735 invalescente
1845 3659 2040 3734 same
2091 3659 2164 3731 in
2231 3660 2522 3753 popum,
2580 3658 2853 3752 recepit

513 3801 769 3875 regem
819 3781 1106 3878 AEgypti
1144 3780 1216 3853 in
1250 3780 1562 3874 patriam
1604 3779 1799 3872 turpi
1836 3778 2147 3871 soedere3
2184 3778 2303 3851 cui
2347 3777 2635 3851 tandem
2673 3798 2852 3851 con-

511 3900 723 3975 cessit
773 3901 1081 3996 spoliare
1131 3900 1450 3975 nobilem
1506 3899 1767 3973 urbem
1822 3904 1898 3972 et
1950 3899 2306 3990 templum
2365 3896 2539 3970 illud
2591 3895 2853 3970 ditissi-

510 4042 726 4112 mum
780 4021 1206 4096 Salomonis.
1261 4019 1501 4093 Sisoth
1553 4018 1902 4093 recedens
1943 4018 2148 4090 illum
2191 4023 2675 4110 pauperatum
2731 4036 2851 4091 re-

508 4140 718 4234 liquit
745 4141 880 4215 sibi
907 4141 1399 4215 tributarium.
1430 4139 1547 4214 Sic
1572 4139 1900 4213 Roboam
1932 4138 2165 4213 sactus
2202 4137 2357 4213 vilis
2386 4144 2459 4211 et
2492 4138 2852 4212 obscurus

506 4260 884 4336 infeliciter
934 4267 1275 4336 mortuus
1325 4265 1458 4352 est,
1511 4259 1684 4332 nihil
1738 4259 1987 4355 regale
2045 4278 2295 4333 secum
2364 4263 2661 4352 portans
2714 4258 2853 4332 nisi

1033 4480 1086 4520 1...

720 4560 781 4611 Ε.
814 4574 872 4611 ca
909 4523 1100 4612 iendos.
1599 4558 1656 4665 (ἶ)
1689 4563 1797 4621 117,
1829 4559 2106 4609 occideret.

1599 4641 1614 4697 (
1636 4639 1651 4697 )
1686 4641 1777 4688 1¹7
1906 4636 1917 4648 '

631 4563 647 4698 ἑ
723 4641 831 4697 117,
867 4575 1108 4689 ἓεουηίῑ.

651 4558 687 4622 ¹)

653 4635 689 4700 ⁸)
