3704 5559
830 473 970 539 112
1543 483 1955 536 COMENTUM
2007 484 2445 538 PURGATORn

824 650 994 702 rum
1048 628 1679 723 superbissimum.
1709 629 1816 700 Ex
1851 629 1962 701 his
1998 648 2179 724 ergo
2216 627 2380 702 vide
2415 627 2614 722 quod
2648 636 2863 722 poeta
2900 636 3172 723 noster,

821 748 896 822 in
932 750 1066 823 ista
1104 750 1410 824 materia
1463 749 1536 822 in
1589 770 1736 843 qua
1791 754 2058 823 tractat
2106 748 2200 822 de
2254 748 2648 822 rebellibus
2693 749 3040 842 ecclesiae,
3082 749 3173 823 de

825 869 1177 944 industria
1231 871 1451 966 elegit
1488 871 1620 943 sibi
1658 872 1844 944 hanc
1880 869 2209 963 domum,
2246 890 2395 963 qua
2432 869 2630 943 nulla
2665 890 2995 965 unquam
3036 870 3172 943 fuit

821 989 1148 1063 infestior
1200 991 1563 1084 ecclesiae3
1616 991 1709 1064 de
1771 1010 1921 1084 qua
1985 989 2204 1063 domo
2264 996 2498 1084 potest
2557 989 2697 1064 dici
2750 991 2927 1064 illud
2979 991 3177 1084 quod

827 1108 997 1183 dicit
1030 1112 1371 1184 Lucanus
1406 1111 1497 1185 de
1531 1110 1753 1184 domo
1793 1110 2230 1204 pompeiana
2262 1134 2279 1181 ε
2327 1115 2387 1183 0
2436 1113 2845 1182 miseranda
2887 1113 3176 1183 domus!

827 1232 916 1304 Et
965 1231 1205 1305 subdit
1256 1232 1671 1306 Manfredus
1709 1232 1908 1326 quod
1941 1230 2107 1304 licet
2142 1231 2243 1305 sio
2278 1231 2564 1324 dixerit,
2600 1230 2693 1305 de
2728 1232 2947 1327 longo
2985 1237 3176 1303 tem-

826 1372 1009 1446 pore
1061 1352 1522 1447 relegationis
1578 1358 1817 1447 potest
1882 1351 2202 1426 breviari
2263 1351 2604 1446 precibus
2656 1350 2915 1445 justis3
2981 1349 3174 1424 unde

826 1471 1041 1545 dicit:
1093 1475 1292 1545 salvo
1342 1494 1415 1545 se
1483 1475 1584 1544 tal
1631 1474 1931 1562 decreto,
1983 1471 2188 1564 idest,
2232 1471 2597 1567 judicium
2647 1470 2800 1564 Dei,
2853 1491 2998 1543 non
3061 1472 3174 1542 di-

827 1598 1032 1663 venta
1054 1587 1180 1683 piic
1214 1598 1410 1664 corto
1434 1613 1571 1684 per
1604 1592 1787 1664 buon
1825 1593 2124 1683 prieqhi.
2169 1592 2258 1665 Et
2293 1591 2554 1664 ultimo
2605 1589 2973 1664 concludit
3005 1609 3175 1662 ora-

827 1710 1101 1788 tionem
1137 1733 1372 1806 suam,
1409 1713 1702 1786 dicens:
1757 1715 1914 1785 vedi
1946 1714 2232 1784 oramai
2278 1733 2352 1783 se
2386 1719 2456 1784 lu
2491 1714 2587 1783 mi
2630 1714 2801 1803 puoi
2843 1714 2970 1803 far
3020 1712 3174 1782 lieco

821 1834 1200 1904 revelando
1253 1835 1400 1905 alla
1467 1836 1611 1905 mia
1669 1833 1902 1905 {mona
1959 1836 2344 1922 Goscanza,
2398 1830 2690 1924 scilicet,
2761 1828 2925 1903 filiae
2993 1849 3174 1924 suae,

823 1973 991 2045 quae
1045 1952 1335 2027 vivebat
1384 1953 1646 2047 adhuc,
1699 1962 1771 2027 et
1823 1954 1897 2026 in
1950 1974 2099 2046 qua
2150 1954 2303 2025 sola
2355 1951 2694 2045 sperabat
2744 1949 2819 2023 in
2871 1948 3173 2043 mund0,

824 2092 992 2166 quae
1053 2072 1188 2146 suit
1250 2074 1813 2148 clementissima
1878 2073 2197 2166 domina,
2257 2072 2349 2146 de
2411 2092 2558 2164 qua
2629 2091 2821 2166 saepe
2889 2070 3174 2144 dicetur

822 2192 1066 2267 adhuc
1118 2192 1189 2265 in
1241 2193 1378 2266 isto
1419 2194 1625 2268 libro.
1664 2195 1753 2267 Et
1786 2195 2052 2269 merito
2091 2200 2308 2267 vocat
2341 2192 2837 2267 Constantiam
2875 2191 3171 2284 bonam,

826 2334 995 2407 quae
1046 2312 1278 2387 noluit
1339 2315 1528 2387 mori
1593 2316 1668 2388 in
1734 2315 2230 2411 indignatione
2295 2313 2643 2407 ecclesiae,
2714 2312 2900 2385 sicut
2964 2317 3173 2405 pater

824 2454 1007 2506 suus
1058 2433 1490 2507 ManfreduS.
1548 2434 1750 2509 Unde
1808 2435 2008 2510 venit
2073 2436 2386 2508 Romam
2447 2453 2621 2507 cum
2672 2451 2851 2527 rege
2901 2430 3171 2504 Iacobo

825 2553 973 2627 filio
1003 2574 1162 2647 suo,
1191 2559 1265 2627 et
1300 2556 1930 2630 recommunicata
1957 2562 2067 2630 est
2103 2555 2448 2648 ecclesiae‚
2485 2574 2676 2627 come
2706 2556 2796 2625 m'
2815 2554 2935 2625 hai
2969 2554 3169 2641 visw,

825 2672 1030 2768 idest,
1093 2675 1407 2767 qualiter
1472 2674 1708 2750 vidisti
1760 2694 1884 2748 me
1944 2675 2257 2769 salvum,
2310 2681 2375 2747 et
2437 2676 2653 2746 anche
2702 2680 2843 2745 esto
2894 2674 3170 2763 divieto,

824 2794 1116 2890 scilicet,
1145 2796 1458 2890 qualiter
1494 2802 1704 2871 vetor
1743 2796 2023 2870 intrare
2063 2794 2602 2892 purgatorium,
2637 2796 2757 2867 che
2789 2797 2932 2886 qui,
2968 2793 3173 2886 idest,

825 2913 899 2986 in
966 2914 1103 2989 isto
1173 2916 1357 3008 loco,
1412 2919 1622 2989 mollo
1670 2919 1727 2989 ε’
1747 2937 2040 2990 avanza
2094 2937 2228 3009 per
2279 2919 2434 3007 quei
2497 2917 2571 2987 di
2626 2904 2725 3004 Ιὰ,
2775 2914 2982 3008 idest,
3036 2933 3169 3009 per

823 3031 1151 3110 viventes
1201 3035 1277 3109 in
1326 3037 1595 3111 saeculo
1648 3043 1895 3111 vestro
1944 3036 2036 3110 ad
2088 3036 2284 3131 quod
2335 3035 2708 3109 rediturus
2759 3054 2857 3109 es,
