3704 5559
1191 456 1467 511 CAN'rus
1518 457 1831 513 nEcmns
1882 458 2141 512 NONUS.
2700 447 2840 512 505

496 600 737 674 subdit
812 600 1359 694 responsionem
1419 622 1658 694 suam,
1710 601 1994 676 dicens:
2053 609 2118 675 ec
2173 605 2289 695 io,·
2351 604 2626 697 supple,
2687 601 2838 675 dixi

495 720 650 815 sibi,
702 723 976 793 novella
1028 722 1276 811 vision,
1321 741 1733 814 numquam
1783 722 1980 807 aliasv
2008 722 2163 796 visa
2196 742 2329 816 per
2379 722 2634 816 alium,
2669 724 2771 794 clt'
2796 743 2845 793 a

494 862 568 913 se
615 844 712 913 mi
748 843 988 933 pieya,
1036 839 1239 933 idest,
1279 826 1499 915 trahit
1548 863 1670 916 me
1718 842 1809 915 ad
1862 842 2329 938 cogitandum
2385 861 2605 937 super
2657 841 2834 935 ipsa,

500 968 582 1034 ut
632 959 1028 1055 intelligam
1069 959 1256 1054 quid
1308 961 1437 1033 sibi
1492 962 1664 1036 velit
1714 981 1831 1036 res
1883 970 2034 1036 tam
2073 983 2302 1055 nova,
2340 962 2501 1036 ideo
2534 960 2737 1034 dicit:
2783 953 2842 1032 si

496 1083 598 1153 ch'
623 1083 693 1153 io
742 1102 886 1153 non
924 1102 1142 1173 posso
1191 1085 1318 1155 dal
1357 1084 1636 1173 pen-sier
1680 1085 2041 1173 parcirmi,
2084 1082 2218 1155 nisi
2254 1081 2620 1156 inveniam
2666 1078 2841 1173 quid

501 1201 673 1275 latet
723 1202 861 1274 sub
914 1201 1048 1275 ista
1098 1201 1384 1297 figura3
1436 1201 1599 1276 ideo
1650 1201 1867 1278 dicit:
1928 1207 2012 1296 sa
2076 1204 2243 1273 irmi
2291 1222 2423 1274 con
2473 1207 2671 1273 tanta
2718 1220 2842 1273 su-

495 1322 786 1413 spicion,
838 1321 1044 1413 idest,
1095 1342 1267 1395 cum
1322 1327 1523 1395 tanto
1563 1321 1788 1395 dubio
1823 1320 2215 1395 inclinante
2251 1341 2372 1394 me
2406 1320 2499 1394 ad
2534 1328 2833 1393 terram.

496 1440 770 1515 Deinde
820 1441 1022 1534 ponit
1070 1440 1639 1515 declarationem
1677 1439 1950 1536 Virgilii
2000 1440 2195 1514 circa
2243 1440 2550 1514 dubium
2589 1458 2837 1531 suum,

497 1563 622 1655 qui
673 1562 911 1656 primo
963 1561 1263 1656 replicat
1313 1561 1624 1635 formam
1679 1561 1942 1636 somnii
2002 1562 2140 1634 sub
2197 1562 2575 1636 brevitate.
2632 1560 2837 1634 Unde

495 1682 699 1756 dicit:
754 1684 979 1774 disse,-
1030 1681 1151 1755 ille
1200 1680 1588 1776 Virgilius:
1645 1684 1895 1753 vedesli
1945 1684 2171 1772 quella
2231 1684 2520 1772 antiqua
2568 1688 2832 1771 streya,

495 1801 700 1894 idest,
754 1803 1236 1877 inveteratam
1290 1802 1779 1893 meretricem,
1823 1820 1992 1893 quae
2033 1801 2126 1873 ab
2179 1800 2378 1873 initio
2430 1800 2684 1874 mundi
2721 1821 2837 1874 se-

496 1923 703 1996 duxit
754 1923 1152 2015 hominem,
1205 1925 1323 1994 che
1370 1926 1527 1994 sola
1575 1943 1795 2013 sopra
1841 1925 1962 1993 noi
2000 1925 2191 1993 omai
2221 1924 2285 1993 si
2309 1924 2595 2013 piaque,
2631 1922 2836 2014 idest,

497 2042 799 2135 punitur
850 2048 925 2115 et
972 2048 1334 2137 purgatur
1385 2041 1721 2135 deinceps
1774 2041 1844 2112 in
1899 2040 2133 2113 tribus
2180 2040 2468 2114 circulis
2503 2040 2838 2135 superio-

500 2162 740 2254 ribus;
772 2161 910 2235 vel
960 2160 1166 2233 dicit:
1220 2181 1388 2255 quae
1440 2162 1592 2235 sola
1625 2153 1696 2251 (⁴)
1754 2162 1987 2254 plorat
2039 2180 2262 2254 super
2300 2180 2452 2254 nOS,
2496 2160 2668 2253 quia
2702 2159 2837 2233 do-

499 2282 599 2354 let
629 2272 701 2371 (²)
755 2301 886 2353 nos
938 2280 1320 2354 recessisse
1354 2281 1448 2353 ab
1490 2300 1602 2373 ea,
1640 2280 1792 2374 ipsa
1835 2285 2266 2353 remanente
2300 2279 2624 2372 confusa,
2662 2278 2836 2371 quia

499 2421 642 2474 non
694 2403 927 2495 potuit
980 2402 1363 2476 revolvere
1414 2421 1545 2473 nos
1594 2401 1688 2473 ab
1742 2399 2002 2473 itinere
2052 2406 2325 2492 nostro,
2369 2399 2556 2472 sicut
2598 2400 2835 2493 jacta-

496 2521 622 2594 bat
670 2539 749 2594 se
800 2520 1052 2594 fecisse
1100 2519 1193 2593 de
1248 2521 1513 2614 Ulyxe3
1566 2519 1729 2594 ideo
1778 2518 1995 2592 dicit:
2067 2521 2318 2591 vedesti
2365 2539 2555 2590 come
2604 2522 2648 2590 l’
2674 2538 2837 2589 uom

495 2643 593 2713 da
643 2643 730 2712 lei
775 2643 837 2711 si
882 2643 1104 2730 sleqa,
1156 2639 1449 2732 scilicet,
1501 2659 1634 2734 per
1684 2637 2171 2713 detectionem
2223 2638 2521 2710 foetoris.
2575 2638 2663 2710 Et
2713 2637 2838 2709 dat

498 2759 835 2854 Virgilius
886 2760 1245 2854 optimum
1299 2759 1680 2833 consilium
1743 2758 1877 2833 sibi
1928 2758 2122 2833 circa
2187 2758 2398 2832 istam
2453 2756 2831 2850 visionem,

497 2880 810 2952 suadens
866 2886 944 2951 ut
996 2878 1295 2973 singulis
1333 2879 1680 2952 membris
1714 2879 2223 2953 accommodet
2267 2899 2401 2952 sua
2454 2878 2715 2971 officia,
2753 2882 2836 2948 ut

498 2998 788 3091 scilicet,
840 2996 1142 3091 pedibus
1191 2998 1520 3071 ambulet
1568 3019 1699 3093 per
1752 3005 2058 3092 terram,
2099 3006 2175 3073 et
2217 2997 2446 3072 oculis
2502 2997 2835 3091 respiciat

497 3119 786 3192 coelum.
843 3117 1023 3190 Dicit
1075 3137 1289 3214 ergo:
1328 3119 1580 3209 hastili,
1616 3119 1909 3210 scilicet,
1946 3119 2141 3211 quod
2184 3118 2418 3192 vidisti
2468 3118 2561 3192 ad
2611 3119 2838 3192 infor-

495 3240 895 3312 mationem
951 3243 1179 3330 tuam,
1231 3260 1269 3309 e
1316 3240 1484 3310 batti
1531 3259 1580 3309 a
1630 3245 1826 3311 terra
1861 3241 1925 3312 le
1954 3241 2312 3330 calcayne,
2351 3238 2558 3332 quasi
2601 3237 2835 3312 dicat:

495 3360 715 3454 pedes
765 3359 892 3452 qui
943 3364 1114 3430 sunt
1179 3357 1326 3453 apti
1396 3358 1542 3433 nati
1609 3360 2018 3452 ambulare,
2070 3361 2487 3435 deserviant
2536 3367 2836 3434 terreno

497 3480 827 3573 incessui,
881 3487 945 3552 et
991 3482 1240 3571 rivolyz·
1285 3482 1388 3570 qli
1445 3482 1661 3570 occlzi,
1714 3481 1840 3573 qui
1904 3486 2074 3554 sunt
2137 3481 2345 3574 positi
2408 3482 2482 3553 in
2545 3483 2694 3555 alto
2763 3490 2839 3556 et

495 3599 640 3693 apti
713 3600 859 3673 nati
928 3598 1020 3671 ad
1086 3597 1480 3673 videndum
1545 3600 1713 3693 alta,
1768 3604 1845 3673 al
1892 3604 2141 3691 loyoro
2197 3602 2316 3672 che
2379 3605 2571 3692 pira,
2624 3602 2830 3694 idest,

498 3726 744 3792 movet
777 3725 851 3791 et
885 3718 1109 3792 volvit
1157 3718 1639 3813 circulariter,
1681 3724 1749 3792 lo
1787 3742 1953 3810 reqe
1986 3727 2248 3810 ezer-220,
2284 3720 2576 3813 scilicet,
2614 3722 2833 3814 DeuS,

495 3858 627 3909 con
677 3841 737 3909 le
786 3845 939 3909 rote
986 3858 1265 3929 mayne,
1316 3839 1520 3933 idest,
1576 3840 1858 3935 magnis
1909 3840 2137 3933 speris
2189 3841 2305 3914 vel
2358 3840 2835 3915 revolutioni-

496 3959 654 4031 bus.
708 3957 795 4028 Et
845 3958 983 4031 hoc
1022 3956 1190 4031 dicit
1226 3959 1589 4054 Virgilius,
1626 3959 1798 4052 quia
1834 3966 2049 4054 poeta
2082 3960 2421 4054 portabat
2455 3961 2708 4034 oculos
2741 3960 2834 4035 ad
2963 3949 2966 3952 ⁴

496 4083 794 4151 terram.
849 4076 935 4149 Et
985 4076 1101 4150 hic
1151 4084 1323 4152 nota
1377 4077 1575 4171 quod
1627 4079 1766 4151 sub
1807 4078 1959 4151 istis
2002 4078 2242 4153 verbis
2278 4080 2547 4172 pulcris
2599 4080 2836 4175 Virgi-

496 4196 637 4268 lius
686 4216 833 4268 non
885 4197 1042 4269 vult
1090 4196 1287 4270 aliud
1337 4197 1604 4315 dicere*
1631 4198 1765 4272 nisi
1817 4198 2050 4272 utaris
2086 4199 2236 4272 istis
2290 4198 2596 4273 terrenis
2646 4200 2833 4274 sicut

496 4316 825 4410 pecunia,
878 4316 1074 4410 gula,
1130 4316 1445 4411 luxuria,
1493 4326 1852 4411 quantum
1908 4318 2176 4391 sufficit
2224 4319 2316 4393 ad
2369 4320 2838 4394 sustentatio-

619 4503 674 4564 (¹)
704 4500 766 4550 E.
798 4500 909 4551 sola
941 4500 1085 4552 dolet
1113 4516 1270 4567 super
1300 4517 1411 4564 nos,
1445 4504 1565 4567 quia
1598 4502 1766 4565 plorat
1798 4517 1894 4554 nos
1926 4504 2212 4554 recessisse.

619 4577 673 4638 (²)
705 4581 814 4635 11⁷,
848 4576 991 4629 dolet
1024 4580 1164 4642 quod
1193 4581 1501 4631 recessimus
1531 4580 1597 4630 ab
1627 4592 1705 4630 ea.
1996 4593 2013 4602 ·
