3704 5559
1402 522 1680 578 CANTUS
1729 524 1988 578 NoNUS.
2723 509 2864 576 253

515 666 787 739 tert-ihil
829 687 1023 739 come
1066 668 1352 760 solym-5
1403 667 1654 761 aquila
1715 667 1911 742 enim
1973 666 2238 741 dicitur
2296 688 2341 741 a
2406 666 2637 762 poetis
2705 687 2867 742 esse

515 786 841 883 armiger
892 786 1109 881 Jovis,
1164 792 1238 861 et
1290 787 1706 862 ministrare
1757 788 2062 862 fulmina
2114 787 2234 882 illi,
2278 788 2377 861 ita
2431 788 2563 862 ista
2617 787 2862 882 aquila

517 915 776 1003 potens
828 908 1048 980 missa
1097 928 1141 981 a
1193 907 1346 983 Deo
1397 909 1640 982 subito
1692 909 2019 1003 fulgurat
2076 928 2297 1004 super
2362 908 2734 982 hominem
2790 914 2864 982 et

512 1028 751 1123 ipsum
805 1025 1142 1121 incendit,
1197 1033 1269 1102 et
1324 1028 1510 1123 rapit
1560 1028 1634 1100 in
1685 1029 1952 1123 altum3
2011 1028 2203 1103 unde
2248 1028 2445 1121 dicit,
2504 1050 2541 1101 e
2592 1031 2688 1100 mi
2735 1049 2866 1100 ra-

501 1152 694 1242 pisse
740 1168 901 1221 suso
950 1150 1122 1239 infin
1177 1150 1255 1220 al
1295 1152 1484 1243 som,
1537 1148 1742 1242 idest,
1792 1148 1887 1222 ad
1939 1169 2229 1244 speram
2284 1149 2492 1247 ignis,
2537 1168 2705 1243 quae
2757 1154 2865 1221 est

512 1268 968 1344 contermina
997 1262 1073 1360 (¹)
1127 1268 1334 1342 coelo.
1390 1269 1476 1341 Et
1535 1289 1709 1345 ecce
1772 1268 2118 1344 effectum
2174 1270 2363 1344 illius
2431 1276 2716 1365 raptus:
2771 1271 2869 1342 ivi

504 1410 734 1484 parea
784 1392 887 1463 αι’
913 1392 1047 1462 ella
1110 1396 1178 1461 ec
1237 1392 1305 1462 io
1356 1392 1668 1480 ardesse,
1720 1389 1793 1462 in
1847 1389 1967 1463 illo
2020 1389 2228 1485 igne3
2279 1411 2316 1462 e
2364 1382 2424 1462 εὶ
2474 1393 2519 1463 ῐ·
2544 1391 2862 1462 incendio

511 1513 925 1602 imaginato,
976 1509 1050 1582 in
1095 1516 1362 1603 mente,
1400 1530 1615 1602 cosse,
1653 1509 1858 1603 idest,
1894 1510 1995 1584 ita
2047 1511 2524 1585 vehementer
2576 1530 2698 1584 me
2749 1509 2862 1582 in-

513 1629 773 1724 cendit,
826 1631 947 1702 che
995 1650 1344 1702 convenae
1406 1632 1526 1703 che
1552 1633 1603 1703 ’l
1645 1650 1872 1702 sonno
1931 1631 1995 1701 si
2050 1650 2452 1722 rompesse,·
2503 1629 2602 1702 ita
2664 1629 2859 1723 quod

511 1747 939 1845 evigilarem
992 1769 1038 1822 a
1089 1767 1370 1822 somno.
1424 1749 1513 1821 Et
1563 1749 1665 1823 sic
1716 1748 1882 1822 vide
1928 1748 2302 1842 quomodo
2335 1755 2554 1822 autor
2595 1770 2859 1823 accen—

512 1889 639 1942 sus
689 1888 879 1942 novo
929 1888 1187 1943 amore
1236 1890 1282 1942 a
1332 1868 1574 1943 divina
1625 1869 1865 1965 gratia
1915 1868 2051 1943 suit
2103 1875 2381 1944 tractus
2431 1890 2475 1943 a
2530 1870 2717 1944 valle
2762 1870 2855 1945 ad

516 1995 867 2064 montem.

664 2114 823 2182 Non
874 2110 1267 2182 altrimenti.
1334 2110 1476 2185 Ista
1540 2119 1650 2185 est
1725 2109 2049 2184 secunda
2113 2132 2282 2205 pars
2344 2112 2729 2207 generaliS,
2782 2111 2859 2184 in

515 2251 662 2324 qua
712 2235 928 2324 poeta
979 2239 1224 2305 noster
1274 2228 1617 2304 describit
1666 2230 2341 2325 interpretationem
2409 2232 2685 2306 claram
2745 2231 2857 2306 sui

515 2349 864 2424 mirabilis
912 2349 1173 2423 somnii
1227 2350 1492 2424 factam
1545 2370 1589 2424 a
1642 2350 1960 2447 Virgilio.
2029 2352 2116 2424 Et
2177 2352 2414 2447 primo
2482 2351 2856 2447 praemittit

512 2492 722 2546 suam
778 2471 1315 2568 evigilationem
1378 2492 1601 2565 quam
1665 2470 1965 2567 egregie
2023 2471 2362 2546 describit
2426 2493 2556 2565 per
2628 2493 2856 2545 unam

510 2592 1135 2687 comparationem
1191 2590 1735 2666 nobilissimam.
1772 2591 1880 2665 Ad
1913 2591 2124 2666 cuius
2174 2592 2665 2688 cognitionem
2702 2593 2854 2667 cla-

511 2733 697 2808 ram,
749 2712 923 2807 quia
974 2711 1191 2786 multi
1242 2711 1358 2787 hic
1410 2712 1642 2786 multa
1695 2712 2064 2805 superflua
2098 2702 2168 2805 (²)
2212 2713 2434 2809 vulgo
2484 2711 2852 2809 dixerunt,

511 2840 619 2910 est
668 2833 1044 2908 sciendum
1100 2832 1510 2908 necessario
1547 2831 1744 2926 quod
1779 2832 1969 2906 hanc
2006 2832 2389 2906 materiam
2429 2832 2544 2907 hic
2581 2839 2851 2907 tactam

511 2955 886 3049 eleganter
953 2951 1204 3027 scribit
1229 2942 1304 3044 (³)
1359 2951 1629 3025 Statius
1696 2950 1771 3024 in
1837 2971 1975 3025 suo
2038 2951 2342 3046 minori,
2411 2952 2609 3047 quod
2677 2951 2856 3027 dici-

513 3080 634 3148 tur
667 3072 1096 3167 Achilleida3
1139 3072 1352 3147 cuius
1404 3092 1775 3145 summam
1833 3070 2156 3146 breviter
2210 3071 2453 3146 dicere
2504 3072 2849 3146 conabor.

510 3192 750 3269 Thetis
803 3199 1041 3267 mater
1082 3191 1370 3266 Achillis
1431 3191 1722 3265 tradidit
1780 3192 1988 3265 illum
2031 3191 2469 3267 infantulum
2507 3191 2852 3266 alendum

510 3319 585 3388 et
634 3312 1142 3387 instruendum
1193 3312 1400 3387 bonis
1452 3312 1737 3386 artibus
1786 3310 2083 3386 Chironi
2133 3319 2510 3407 centaurO,
2559 3312 2686 3406 qui
2721 3314 2858 3386 ha-

509 3433 727 3508 bebat
777 3432 1221 3507 domicilium
1276 3452 1525 3525 suum,
1580 3431 1734 3506 sive
1785 3431 2211 3527 speluncam
2258 3433 2396 3507 sub
2434 3440 2683 3507 monte
2717 3433 2855 3507 Pe-

512 3553 657 3626 lion
726 3553 799 3625 in
858 3551 1241 3626 Thessalia.
1298 3551 1514 3625 Chiro
1547 3539 1618 3644 (⁴)
1676 3570 1858 3646 ergo
1927 3573 2075 3626 non
2146 3553 2450 3626 nutrivit
2500 3551 2848 3627 Achillem

508 3674 695 3748 lacte
747 3692 958 3746 more
1005 3671 1345 3765 aliorum,
1398 3671 1527 3745 sed
1578 3671 1938 3767 sanguine
1995 3678 2068 3746 et
2121 3672 2457 3746 medullis
2508 3673 2849 3746 leonum:

508 3794 767 3869 deinde
815 3793 1091 3867 ducens
1160 3813 1333 3868 eum
1404 3811 1537 3887 per
1597 3811 1952 3866 cavernas
2008 3791 2411 3887 sylvarum,
2463 3790 2851 3865 assuefecit

509 3934 683 3989 eum
746 3912 1112 3988 venationi
1184 3912 1537 4005 serarum,
1591 3911 1838 4004 calori,
1892 3911 2165 4007 frigori,
2219 3918 2293 3984 et
2341 3910 2542 3985 omni
2593 3909 2849 4003 labori,

509 4056 682 4110 cum
734 4034 1101 4109 venabulo
1154 4034 1495 4128 pharetra
1548 4039 1622 4106 et
1673 4031 2049 4106 similibus.
2112 4034 2262 4108 Nec
2330 4032 2623 4105 tenebat
2674 4051 2850 4104 eum

507 4156 582 4229 in
636 4156 833 4229 molli
884 4157 1098 4249 lecto,
1150 4155 1277 4229 sed
1329 4154 1402 4228 in
1453 4153 1642 4227 duro
1694 4172 1874 4226 saxo
1933 4152 2151 4227 simul
2202 4173 2500 4247 secum,
2553 4160 2627 4228 et
2677 4174 2848 4228 cum

509 4276 630 4351 vix
682 4283 874 4351 esset
923 4276 1309 4350 duodecim
1361 4295 1728 4349 annorum
1783 4274 2031 4349 docuit
2090 4295 2267 4349 eum
2325 4294 2655 4370 currere,
2706 4276 2853 4349 sal-

507 4404 692 4491 tare,
747 4403 1026 4472 natare.
1079 4396 1228 4471 Nec
1292 4417 1624 4490 unquam
1684 4395 2153 4491 permittebat
2210 4396 2447 4492 ipsum
2510 4396 2850 4492 persequi

631 4584 687 4645 (¹)
718 4583 780 4633 E.
814 4584 1210 4635 conterminan-
1729 4580 1785 4643 (²)
1819 4587 1928 4642 117,
1962 4582 2166 4635 frivoli.

633 4659 686 4722 (’)
721 4663 827 4718 11⁷,
860 4660 1080 4723 scripsit.
1732 4658 1787 4721 (⁸)
1819 4659 1873 4708 S.
1905 4657 2098 4710 Chiron
2130 4672 2273 4724 ergo.
