<?xml version="1.0" encoding="UTF-8"?>
<!DOCTYPE html PUBLIC "-//W3C//DTD XHTML 1.0 Transitional//EN"
    "http://www.w3.org/TR/xhtml1/DTD/xhtml1-transitional.dtd">
<html xmlns="http://www.w3.org/1999/xhtml" xml:lang="en" lang="en">
 <head>
  <title>
</title>
<meta http-equiv="Content-Type" content="text/html;charset=utf-8" />
  <meta name='ocr-system' content='tesseract 3.04.00' />
  <meta name='ocr-capabilities' content='ocr_page ocr_carea ocr_par ocr_line ocrx_word'/>
</head>
<body>
  <div class='ocr_page' id='page_1' title='image "benvenutideramb00lacagoog_0095.png"; bbox 0 0 3704 5559; ppageno 0'>
   <div class='ocr_carea' id='block_1_1' title="bbox 1321 512 2819 580">
    <p class='ocr_par' dir='ltr' id='par_1_1' title="bbox 1321 512 2819 580">
     <span class='ocr_line' id='line_1_1' title="bbox 1321 512 2819 580; baseline 0.002 -4"><span class='ocrx_word' id='word_1_1' title='bbox 1321 523 1596 578; x_wconf 72' lang='lat' dir='ltr'>CAN‘rns</span> <span class='ocrx_word' id='word_1_2' title='bbox 1646 524 1976 578; x_wconf 83' lang='lat' dir='ltr'>TERTuJS.</span> <span class='ocrx_word' id='word_1_3' title='bbox 2727 512 2819 580; x_wconf 89' lang='lat'>83</span> 
     </span>
    </p>
   </div>
   <div class='ocr_carea' id='block_1_2' title="bbox 471 668 2845 4493">
    <p class='ocr_par' dir='ltr' id='par_1_2' title="bbox 471 668 2845 4493">
     <span class='ocr_line' id='line_1_2' title="bbox 471 668 2825 766; baseline 0.001 -24"><span class='ocrx_word' id='word_1_4' title='bbox 471 676 860 764; x_wconf 89' lang='lat' dir='ltr'>peccatum</span> <span class='ocrx_word' id='word_1_5' title='bbox 915 669 1114 764; x_wconf 89' lang='lat' dir='ltr'>quod</span> <span class='ocrx_word' id='word_1_6' title='bbox 1164 668 1455 743; x_wconf 89' lang='lat' dir='ltr'>videtur</span> <span class='ocrx_word' id='word_1_7' title='bbox 1495 691 1809 766; x_wconf 87' lang='lat' dir='ltr'>parvum</span> <span class='ocrx_word' id='word_1_8' title='bbox 1866 671 1983 746; x_wconf 87' lang='lat' dir='ltr'>vel</span> <span class='ocrx_word' id='word_1_9' title='bbox 2034 669 2319 742; x_wconf 91' lang='lat' dir='ltr'>nullum</span> <span class='ocrx_word' id='word_1_10' title='bbox 2363 670 2825 746; x_wconf 75' lang='lat' dir='ltr'>conscientiae</span> 
     </span>
     <span class='ocr_line' id='line_1_3' title="bbox 473 789 2827 887; baseline 0.001 -23"><span class='ocrx_word' id='word_1_11' title='bbox 473 791 679 885; x_wconf 90' lang='lat' dir='ltr'>pravi</span> <span class='ocrx_word' id='word_1_12' title='bbox 730 789 1067 885; x_wconf 90' lang='lat' dir='ltr'>hominis,</span> <span class='ocrx_word' id='word_1_13' title='bbox 1121 789 1411 865; x_wconf 83' lang='lat' dir='ltr'>videtur</span> <span class='ocrx_word' id='word_1_14' title='bbox 1464 812 1819 887; x_wconf 90' lang='lat' dir='ltr'>magnum</span> <span class='ocrx_word' id='word_1_15' title='bbox 1859 789 2318 864; x_wconf 85' lang='lat' dir='ltr'>conscientiae</span> <span class='ocrx_word' id='word_1_16' title='bbox 2367 791 2558 865; x_wconf 90' lang='lat' dir='ltr'>boni.</span> <span class='ocrx_word' id='word_1_17' title='bbox 2597 793 2827 866; x_wconf 90' lang='lat' dir='ltr'>Error</span> 
     </span>
     <span class='ocr_line' id='line_1_4' title="bbox 476 910 2824 1008; baseline -0 -22"><span class='ocrx_word' id='word_1_18' title='bbox 476 912 669 986; x_wconf 91' lang='lat' dir='ltr'>enim</span> <span class='ocrx_word' id='word_1_19' title='bbox 723 911 999 1008; x_wconf 83' lang='lat' dir='ltr'>Virgilii</span> <span class='ocrx_word' id='word_1_20' title='bbox 1053 910 1169 985; x_wconf 88' lang='lat' dir='ltr'>hic</span> <span class='ocrx_word' id='word_1_21' title='bbox 1219 912 1460 985; x_wconf 83' lang='lat' dir='ltr'>suerat</span> <span class='ocrx_word' id='word_1_22' title='bbox 1504 933 1799 1006; x_wconf 81' lang='lat' dir='ltr'>parvuS,</span> <span class='ocrx_word' id='word_1_23' title='bbox 1837 911 1989 985; x_wconf 91' lang='lat' dir='ltr'>imo</span> <span class='ocrx_word' id='word_1_24' title='bbox 2027 911 2214 985; x_wconf 86' lang='lat' dir='ltr'>forte</span> <span class='ocrx_word' id='word_1_25' title='bbox 2249 912 2517 1006; x_wconf 90' lang='lat' dir='ltr'>nullus,</span> <span class='ocrx_word' id='word_1_26' title='bbox 2555 912 2824 988; x_wconf 89' lang='lat' dir='ltr'>scilicet</span> 
     </span>
     <span class='ocr_line' id='line_1_5' title="bbox 478 1031 2829 1127; baseline 0.001 -22"><span class='ocrx_word' id='word_1_27' title='bbox 478 1033 894 1106; x_wconf 78' lang='lat' dir='ltr'>cucurrisse</span> <span class='ocrx_word' id='word_1_28' title='bbox 943 1053 1252 1127; x_wconf 86' lang='lat' dir='ltr'>parum3</span> <span class='ocrx_word' id='word_1_29' title='bbox 1290 1032 1463 1125; x_wconf 92' lang='lat' dir='ltr'>quia</span> <span class='ocrx_word' id='word_1_30' title='bbox 1514 1032 1905 1126; x_wconf 89' lang='lat' dir='ltr'>aliquando</span> <span class='ocrx_word' id='word_1_31' title='bbox 1941 1037 2231 1126; x_wconf 82' lang='lat' dir='ltr'>oportet</span> <span class='ocrx_word' id='word_1_32' title='bbox 2265 1031 2528 1106; x_wconf 82' lang='lat' dir='ltr'>cedere</span> <span class='ocrx_word' id='word_1_33' title='bbox 2576 1052 2829 1107; x_wconf 89' lang='lat' dir='ltr'>neces-</span> 
     </span>
     <span class='ocr_line' id='line_1_6' title="bbox 481 1150 2828 1248; baseline -0 -22"><span class='ocrx_word' id='word_1_34' title='bbox 481 1152 668 1226; x_wconf 89' lang='lat' dir='ltr'>sitati</span> <span class='ocrx_word' id='word_1_35' title='bbox 720 1158 793 1226; x_wconf 91' lang='lat' dir='ltr'>et</span> <span class='ocrx_word' id='word_1_36' title='bbox 843 1151 1142 1226; x_wconf 88' lang='lat' dir='ltr'>obedire</span> <span class='ocrx_word' id='word_1_37' title='bbox 1195 1151 1542 1246; x_wconf 84' lang='lat' dir='ltr'>tempori:</span> <span class='ocrx_word' id='word_1_38' title='bbox 1580 1159 1654 1225; x_wconf 92' lang='lat' dir='ltr'>et</span> <span class='ocrx_word' id='word_1_39' title='bbox 1690 1159 1938 1225; x_wconf 90' lang='lat' dir='ltr'>tamen</span> <span class='ocrx_word' id='word_1_40' title='bbox 1973 1150 2065 1224; x_wconf 92' lang='lat' dir='ltr'>de</span> <span class='ocrx_word' id='word_1_41' title='bbox 2098 1152 2237 1225; x_wconf 91' lang='lat' dir='ltr'>hoc</span> <span class='ocrx_word' id='word_1_42' title='bbox 2274 1150 2616 1248; x_wconf 83' lang='lat' dir='ltr'>Virgilius</span> <span class='ocrx_word' id='word_1_43' title='bbox 2651 1171 2828 1225; x_wconf 92' lang='lat' dir='ltr'>eru-</span> 
     </span>
     <span class='ocr_line' id='line_1_7' title="bbox 482 1271 2832 1368; baseline -0 -22"><span class='ocrx_word' id='word_1_44' title='bbox 482 1272 822 1347; x_wconf 62' lang='lat' dir='ltr'>bescebat</span> <span class='ocrx_word' id='word_1_45' title='bbox 864 1273 1082 1367; x_wconf 88' lang='lat' dir='ltr'>juxta</span> <span class='ocrx_word' id='word_1_46' title='bbox 1132 1271 1309 1345; x_wconf 93' lang='lat' dir='ltr'>illud</span> <span class='ocrx_word' id='word_1_47' title='bbox 1372 1271 1746 1368; x_wconf 85' lang='lat' dir='ltr'>Gregorii:</span> <span class='ocrx_word' id='word_1_48' title='bbox 1808 1272 2155 1344; x_wconf 82' lang='lat' dir='ltr'>bonarum</span> <span class='ocrx_word' id='word_1_49' title='bbox 2205 1275 2528 1345; x_wconf 77' lang='lat' dir='ltr'>mentium</span> <span class='ocrx_word' id='word_1_50' title='bbox 2591 1278 2694 1345; x_wconf 82' lang='lat' dir='ltr'>est</span> <span class='ocrx_word' id='word_1_51' title='bbox 2737 1272 2832 1344; x_wconf 81' lang='lat' dir='ltr'>ibi</span> 
     </span>
     <span class='ocr_line' id='line_1_8' title="bbox 482 1392 2826 1489; baseline 0 -24"><span class='ocrx_word' id='word_1_52' title='bbox 482 1395 723 1485; x_wconf 82' lang='lat' dir='ltr'>culpas</span> <span class='ocrx_word' id='word_1_53' title='bbox 791 1414 1198 1484; x_wconf 69' lang='lat' dir='ltr'>aquoscere,</span> <span class='ocrx_word' id='word_1_54' title='bbox 1269 1393 1384 1464; x_wconf 77' lang='lat' dir='ltr'>ubi</span> <span class='ocrx_word' id='word_1_55' title='bbox 1446 1396 1654 1484; x_wconf 84' lang='lat' dir='ltr'>culpa</span> <span class='ocrx_word' id='word_1_56' title='bbox 1703 1413 1847 1465; x_wconf 80' lang='lat' dir='ltr'>non</span> <span class='ocrx_word' id='word_1_57' title='bbox 1896 1401 2013 1465; x_wconf 83' lang='lat' dir='ltr'>est.</span> <span class='ocrx_word' id='word_1_58' title='bbox 2067 1392 2521 1489; x_wconf 85' lang='lat' dir='ltr'>Augustinus</span> <span class='ocrx_word' id='word_1_59' title='bbox 2573 1400 2826 1468; x_wconf 88' lang='lat' dir='ltr'>tamen</span> 
     </span>
     <span class='ocr_line' id='line_1_9' title="bbox 483 1512 2830 1608; baseline -0.001 -20"><span class='ocrx_word' id='word_1_60' title='bbox 483 1512 774 1588; x_wconf 84' lang='lat' dir='ltr'>videtur</span> <span class='ocrx_word' id='word_1_61' title='bbox 825 1513 1276 1587; x_wconf 90' lang='lat' dir='ltr'>contrarium</span> <span class='ocrx_word' id='word_1_62' title='bbox 1332 1514 1518 1589; x_wconf 86' lang='lat' dir='ltr'>velle</span> <span class='ocrx_word' id='word_1_63' title='bbox 1564 1513 1690 1608; x_wconf 91' lang='lat' dir='ltr'>qui</span> <span class='ocrx_word' id='word_1_64' title='bbox 1741 1513 1949 1587; x_wconf 87' lang='lat' dir='ltr'>dicit:</span> <span class='ocrx_word' id='word_1_65' title='bbox 2003 1534 2158 1586; x_wconf 84' lang='lat' dir='ltr'>eum</span> <span class='ocrx_word' id='word_1_66' title='bbox 2205 1516 2602 1587; x_wconf 74' lang='lat' dir='ltr'>humilitatis</span> <span class='ocrx_word' id='word_1_67' title='bbox 2649 1534 2830 1604; x_wconf 73' lang='lat' dir='ltr'>yra-</span> 
     </span>
     <span class='ocr_line' id='line_1_10' title="bbox 482 1635 2830 1727; baseline 0 -21"><span class='ocrx_word' id='word_1_68' title='bbox 482 1635 580 1706; x_wconf 81' lang='lat' dir='ltr'>tia</span> <span class='ocrx_word' id='word_1_69' title='bbox 642 1637 980 1724; x_wconf 61' lang='lat' dir='ltr'>mentiris,</span> <span class='ocrx_word' id='word_1_70' title='bbox 1037 1638 1101 1707; x_wconf 75' lang='lat' dir='ltr'>si</span> <span class='ocrx_word' id='word_1_71' title='bbox 1151 1641 1479 1727; x_wconf 77' lang='lat' dir='ltr'>peccator</span> <span class='ocrx_word' id='word_1_72' title='bbox 1545 1655 1689 1706; x_wconf 79' lang='lat' dir='ltr'>non</span> <span class='ocrx_word' id='word_1_73' title='bbox 1747 1655 1913 1706; x_wconf 80' lang='lat' dir='ltr'>eras</span> <span class='ocrx_word' id='word_1_74' title='bbox 1973 1640 2344 1725; x_wconf 81' lang='lat' dir='ltr'>antequam</span> <span class='ocrx_word' id='word_1_75' title='bbox 2412 1637 2830 1724; x_wconf 78' lang='lat' dir='ltr'>mentireris,</span> 
     </span>
     <span class='ocr_line' id='line_1_11' title="bbox 481 1753 2830 1850; baseline 0 -25"><span class='ocrx_word' id='word_1_76' title='bbox 481 1756 779 1848; x_wconf 68' lang='lat' dir='ltr'>efficms</span> <span class='ocrx_word' id='word_1_77' title='bbox 847 1758 1255 1828; x_wconf 78' lang='lat' dir='ltr'>mentiendo,</span> <span class='ocrx_word' id='word_1_78' title='bbox 1325 1754 1465 1828; x_wconf 90' lang='lat' dir='ltr'>Sed</span> <span class='ocrx_word' id='word_1_79' title='bbox 1517 1753 1792 1827; x_wconf 87' lang='lat' dir='ltr'>dictum</span> <span class='ocrx_word' id='word_1_80' title='bbox 1844 1753 2180 1850; x_wconf 90' lang='lat' dir='ltr'>Gregorii</span> <span class='ocrx_word' id='word_1_81' title='bbox 2231 1755 2447 1830; x_wconf 92' lang='lat' dir='ltr'>debet</span> <span class='ocrx_word' id='word_1_82' title='bbox 2507 1753 2830 1850; x_wconf 87' lang='lat' dir='ltr'>intelligi,</span> 
     </span>
     <span class='ocr_line' id='line_1_12' title="bbox 483 1873 2831 1968; baseline -0.001 -20"><span class='ocrx_word' id='word_1_83' title='bbox 483 1873 682 1968; x_wconf 89' lang='lat' dir='ltr'>quod</span> <span class='ocrx_word' id='word_1_84' title='bbox 735 1874 847 1948; x_wconf 84' lang='lat' dir='ltr'>vir</span> <span class='ocrx_word' id='word_1_85' title='bbox 895 1875 1134 1949; x_wconf 90' lang='lat' dir='ltr'>bonus</span> <span class='ocrx_word' id='word_1_86' title='bbox 1186 1896 1331 1949; x_wconf 93' lang='lat' dir='ltr'>non</span> <span class='ocrx_word' id='word_1_87' title='bbox 1382 1875 1621 1949; x_wconf 90' lang='lat' dir='ltr'>solum</span> <span class='ocrx_word' id='word_1_88' title='bbox 1669 1875 1834 1948; x_wconf 80' lang='lat' dir='ltr'>facit</span> <span class='ocrx_word' id='word_1_89' title='bbox 1871 1874 2004 1947; x_wconf 88' lang='lat' dir='ltr'>sibi</span> <span class='ocrx_word' id='word_1_90' title='bbox 2038 1873 2553 1950; x_wconf 84' lang='lat' dir='ltr'>conscientiam</span> <span class='ocrx_word' id='word_1_91' title='bbox 2589 1874 2831 1947; x_wconf 89' lang='lat' dir='ltr'>sinon</span> 
     </span>
     <span class='ocr_line' id='line_1_13' title="bbox 483 1991 2833 2090; baseline -0.001 -21"><span class='ocrx_word' id='word_1_92' title='bbox 483 2001 731 2069; x_wconf 86' lang='lat' dir='ltr'>servat</span> <span class='ocrx_word' id='word_1_93' title='bbox 764 2002 1149 2090; x_wconf 86' lang='lat' dir='ltr'>praecepta,</span> <span class='ocrx_word' id='word_1_94' title='bbox 1188 1994 1313 2069; x_wconf 90' lang='lat' dir='ltr'>sed</span> <span class='ocrx_word' id='word_1_95' title='bbox 1356 1994 1577 2069; x_wconf 87' lang='lat' dir='ltr'>etiam</span> <span class='ocrx_word' id='word_1_96' title='bbox 1621 1994 1679 2067; x_wconf 94' lang='lat' dir='ltr'>si</span> <span class='ocrx_word' id='word_1_97' title='bbox 1716 2015 1864 2068; x_wconf 89' lang='lat' dir='ltr'>non</span> <span class='ocrx_word' id='word_1_98' title='bbox 1904 2001 2150 2068; x_wconf 87' lang='lat' dir='ltr'>servat</span> <span class='ocrx_word' id='word_1_99' title='bbox 2191 1992 2508 2068; x_wconf 91' lang='lat' dir='ltr'>consilia.</span> <span class='ocrx_word' id='word_1_100' title='bbox 2558 1991 2833 2067; x_wconf 89' lang='lat' dir='ltr'>Deinde</span> 
     </span>
     <span class='ocr_line' id='line_1_14' title="bbox 484 2113 2831 2210; baseline -0.002 -20"><span class='ocrx_word' id='word_1_101' title='bbox 484 2121 701 2210; x_wconf 88' lang='lat' dir='ltr'>poeta</span> <span class='ocrx_word' id='word_1_102' title='bbox 752 2114 1065 2188; x_wconf 91' lang='lat' dir='ltr'>ostendit</span> <span class='ocrx_word' id='word_1_103' title='bbox 1101 2115 1414 2209; x_wconf 85' lang='lat' dir='ltr'>qualiter</span> <span class='ocrx_word' id='word_1_104' title='bbox 1449 2122 1609 2208; x_wconf 94' lang='lat' dir='ltr'>post</span> <span class='ocrx_word' id='word_1_105' title='bbox 1645 2114 2151 2189; x_wconf 90' lang='lat' dir='ltr'>reductionem</span> <span class='ocrx_word' id='word_1_106' title='bbox 2187 2113 2460 2210; x_wconf 88' lang='lat' dir='ltr'>Virgilii</span> <span class='ocrx_word' id='word_1_107' title='bbox 2497 2113 2650 2209; x_wconf 90' lang='lat' dir='ltr'>ipse</span> <span class='ocrx_word' id='word_1_108' title='bbox 2685 2119 2831 2187; x_wconf 89' lang='lat' dir='ltr'>sta-</span> 
     </span>
     <span class='ocr_line' id='line_1_15' title="bbox 488 2231 2837 2330; baseline -0.002 -21"><span class='ocrx_word' id='word_1_109' title='bbox 488 2237 620 2309; x_wconf 90' lang='lat' dir='ltr'>tim</span> <span class='ocrx_word' id='word_1_110' title='bbox 672 2255 755 2309; x_wconf 88' lang='lat' dir='ltr'>se</span> <span class='ocrx_word' id='word_1_111' title='bbox 806 2234 1123 2329; x_wconf 87' lang='lat' dir='ltr'>reduxit,</span> <span class='ocrx_word' id='word_1_112' title='bbox 1166 2242 1240 2309; x_wconf 91' lang='lat' dir='ltr'>et</span> <span class='ocrx_word' id='word_1_113' title='bbox 1275 2236 1668 2329; x_wconf 89' lang='lat' dir='ltr'>resumpsit</span> <span class='ocrx_word' id='word_1_114' title='bbox 1702 2256 1921 2308; x_wconf 91' lang='lat' dir='ltr'>suum</span> <span class='ocrx_word' id='word_1_115' title='bbox 1962 2234 2437 2330; x_wconf 89' lang='lat' dir='ltr'>propositum.</span> <span class='ocrx_word' id='word_1_116' title='bbox 2474 2232 2678 2307; x_wconf 92' lang='lat' dir='ltr'>Unde</span> <span class='ocrx_word' id='word_1_117' title='bbox 2726 2231 2837 2304; x_wconf 92' lang='lat' dir='ltr'>di-</span> 
     </span>
     <span class='ocr_line' id='line_1_16' title="bbox 487 2354 2837 2450; baseline -0.002 -20"><span class='ocrx_word' id='word_1_118' title='bbox 487 2356 630 2430; x_wconf 90' lang='lat' dir='ltr'>cit:</span> <span class='ocrx_word' id='word_1_119' title='bbox 684 2357 757 2429; x_wconf 86' lang='lat' dir='ltr'>la</span> <span class='ocrx_word' id='word_1_120' title='bbox 806 2363 1025 2428; x_wconf 82' lang='lat' dir='ltr'>mente</span> <span class='ocrx_word' id='word_1_121' title='bbox 1075 2357 1242 2447; x_wconf 84' lang='lat' dir='ltr'>mia,</span> <span class='ocrx_word' id='word_1_122' title='bbox 1295 2355 1501 2449; x_wconf 92' lang='lat' dir='ltr'>idest,</span> <span class='ocrx_word' id='word_1_123' title='bbox 1553 2355 1953 2450; x_wconf 91' lang='lat' dir='ltr'>speculatio</span> <span class='ocrx_word' id='word_1_124' title='bbox 2015 2354 2372 2446; x_wconf 83' lang='lat' dir='ltr'>mentalis,</span> <span class='ocrx_word' id='word_1_125' title='bbox 2425 2356 2544 2426; x_wconf 79' lang='lat' dir='ltr'>che</span> <span class='ocrx_word' id='word_1_126' title='bbox 2592 2355 2837 2445; x_wconf 84' lang='lat' dir='ltr'>prima</span> 
     </span>
     <span class='ocr_line' id='line_1_17' title="bbox 488 2472 2834 2570; baseline -0.002 -21"><span class='ocrx_word' id='word_1_127' title='bbox 488 2497 617 2549; x_wconf 85' lang='lat' dir='ltr'>era</span> <span class='ocrx_word' id='word_1_128' title='bbox 664 2477 999 2566; x_wconf 65' lang='lat' dir='ltr'>risit-elta,</span> <span class='ocrx_word' id='word_1_129' title='bbox 1052 2475 1256 2570; x_wconf 92' lang='lat' dir='ltr'>idest,</span> <span class='ocrx_word' id='word_1_130' title='bbox 1322 2476 1662 2552; x_wconf 91' lang='lat' dir='ltr'>distracta</span> <span class='ocrx_word' id='word_1_131' title='bbox 1717 2482 1790 2549; x_wconf 92' lang='lat' dir='ltr'>et</span> <span class='ocrx_word' id='word_1_132' title='bbox 1854 2475 2219 2548; x_wconf 87' lang='lat' dir='ltr'>abstracta</span> <span class='ocrx_word' id='word_1_133' title='bbox 2275 2475 2370 2556; x_wconf 90' lang='lat' dir='ltr'>ab</span> <span class='ocrx_word' id='word_1_134' title='bbox 2437 2474 2555 2547; x_wconf 91' lang='lat' dir='ltr'>illo</span> <span class='ocrx_word' id='word_1_135' title='bbox 2623 2472 2834 2546; x_wconf 86' lang='lat' dir='ltr'>suavi</span> 
     </span>
     <span class='ocr_line' id='line_1_18' title="bbox 488 2588 2836 2690; baseline -0.002 -19"><span class='ocrx_word' id='word_1_136' title='bbox 488 2602 710 2671; x_wconf 88' lang='lat' dir='ltr'>cantu</span> <span class='ocrx_word' id='word_1_137' title='bbox 738 2595 1059 2690; x_wconf 82' lang='lat' dir='ltr'>Casellae,</span> <span class='ocrx_word' id='word_1_138' title='bbox 1096 2600 1163 2669; x_wconf 85' lang='lat' dir='ltr'>lo</span> <span class='ocrx_word' id='word_1_139' title='bbox 1194 2600 1451 2670; x_wconf 75' lang='lat' dir='ltr'>intento</span> <span class='ocrx_word' id='word_1_140' title='bbox 1489 2588 1844 2686; x_wconf 65' lang='lat' dir='ltr'>ranarycl,</span> <span class='ocrx_word' id='word_1_141' title='bbox 1883 2594 2085 2687; x_wconf 89' lang='lat' dir='ltr'>idest,</span> <span class='ocrx_word' id='word_1_142' title='bbox 2123 2593 2596 2669; x_wconf 86' lang='lat' dir='ltr'>intentionem</span> <span class='ocrx_word' id='word_1_143' title='bbox 2634 2595 2836 2688; x_wconf 89' lang='lat' dir='ltr'>prin-</span> 
     </span>
     <span class='ocr_line' id='line_1_19' title="bbox 486 2713 2836 2812; baseline -0.002 -21"><span class='ocrx_word' id='word_1_144' title='bbox 486 2715 794 2812; x_wconf 84' lang='lat' dir='ltr'>cipalem</span> <span class='ocrx_word' id='word_1_145' title='bbox 845 2716 1220 2812; x_wconf 88' lang='lat' dir='ltr'>ampliavit</span> <span class='ocrx_word' id='word_1_146' title='bbox 1252 2723 1327 2792; x_wconf 92' lang='lat' dir='ltr'>et</span> <span class='ocrx_word' id='word_1_147' title='bbox 1362 2715 1718 2810; x_wconf 88' lang='lat' dir='ltr'>liberavit,</span> <span class='ocrx_word' id='word_1_148' title='bbox 1757 2735 1925 2809; x_wconf 82' lang='lat' dir='ltr'>quae</span> <span class='ocrx_word' id='word_1_149' title='bbox 1970 2714 2209 2809; x_wconf 92' lang='lat' dir='ltr'>primo</span> <span class='ocrx_word' id='word_1_150' title='bbox 2262 2719 2423 2788; x_wconf 88' lang='lat' dir='ltr'>erat</span> <span class='ocrx_word' id='word_1_151' title='bbox 2473 2713 2836 2808; x_wconf 88' lang='lat' dir='ltr'>captivata</span> 
     </span>
     <span class='ocr_line' id='line_1_20' title="bbox 487 2827 2839 2932; baseline -0.001 -22"><span class='ocrx_word' id='word_1_152' title='bbox 487 2843 565 2911; x_wconf 91' lang='lat' dir='ltr'>et</span> <span class='ocrx_word' id='word_1_153' title='bbox 625 2843 778 2912; x_wconf 85' lang='lat' dir='ltr'>tota</span> <span class='ocrx_word' id='word_1_154' title='bbox 844 2844 1199 2932; x_wconf 87' lang='lat' dir='ltr'>occupata</span> <span class='ocrx_word' id='word_1_155' title='bbox 1262 2837 1455 2911; x_wconf 91' lang='lat' dir='ltr'>circa</span> <span class='ocrx_word' id='word_1_156' title='bbox 1518 2837 1724 2909; x_wconf 91' lang='lat' dir='ltr'>illum</span> <span class='ocrx_word' id='word_1_157' title='bbox 1795 2842 2094 2910; x_wconf 89' lang='lat' dir='ltr'>cantum</span> <span class='ocrx_word' id='word_1_158' title='bbox 2161 2835 2457 2929; x_wconf 89' lang='lat' dir='ltr'>amoris,</span> <span class='ocrx_word' id='word_1_159' title='bbox 2522 2827 2583 2907; x_wconf 75' lang='grc' dir='ltr'>εὶ</span> <span class='ocrx_word' id='word_1_160' title='bbox 2646 2856 2839 2908; x_wconf 86' lang='lat' dir='ltr'>come</span> 
     </span>
     <span class='ocr_line' id='line_1_21' title="bbox 487 2953 2838 3051; baseline -0.001 -21"><span class='ocrx_word' id='word_1_161' title='bbox 487 2978 703 3050; x_wconf 74' lang='lat' dir='ltr'>vaya,</span> <span class='ocrx_word' id='word_1_162' title='bbox 754 2956 959 3051; x_wconf 87' lang='lat' dir='ltr'>idest,</span> <span class='ocrx_word' id='word_1_163' title='bbox 1010 2957 1222 3032; x_wconf 87' lang='lat' dir='ltr'>avida</span> <span class='ocrx_word' id='word_1_164' title='bbox 1275 2956 1561 3031; x_wconf 86' lang='lat' dir='ltr'>videndi</span> <span class='ocrx_word' id='word_1_165' title='bbox 1615 2977 1732 3030; x_wconf 93' lang='lat' dir='ltr'>res</span> <span class='ocrx_word' id='word_1_166' title='bbox 1776 2976 2003 3029; x_wconf 88' lang='lat' dir='ltr'>novas</span> <span class='ocrx_word' id='word_1_167' title='bbox 2045 2955 2486 3051; x_wconf 84' lang='lat' dir='ltr'>purgatorii3</span> <span class='ocrx_word' id='word_1_168' title='bbox 2529 2955 2693 3029; x_wconf 93' lang='lat' dir='ltr'>ideo</span> <span class='ocrx_word' id='word_1_169' title='bbox 2728 2953 2838 3028; x_wconf 91' lang='lat' dir='ltr'>di-</span> 
     </span>
     <span class='ocr_line' id='line_1_22' title="bbox 488 3063 2843 3180; baseline -0.003 -28"><span class='ocrx_word' id='word_1_170' title='bbox 488 3078 586 3153; x_wconf 91' lang='lat' dir='ltr'>cit</span> <span class='ocrx_word' id='word_1_171' title='bbox 604 3063 627 3180; x_wconf 67' lang='lat' dir='ltr'>i⁴</span> <span class='ocrx_word' id='word_1_172' title='bbox 658 3100 697 3151; x_wconf 88' lang='lat' dir='ltr'>e</span> <span class='ocrx_word' id='word_1_173' title='bbox 744 3080 932 3152; x_wconf 81' lang='lat' dir='ltr'>diedi</span> <span class='ocrx_word' id='word_1_174' title='bbox 959 3080 1017 3152; x_wconf 85' lang='lat' dir='ltr'>il</span> <span class='ocrx_word' id='word_1_175' title='bbox 1042 3081 1189 3151; x_wconf 78' lang='lat' dir='ltr'>viso</span> <span class='ocrx_word' id='word_1_176' title='bbox 1241 3080 1406 3169; x_wconf 81' lang='lat' dir='ltr'>mie,</span> <span class='ocrx_word' id='word_1_177' title='bbox 1458 3076 1727 3151; x_wconf 91' lang='lat' dir='ltr'>scilicet</span> <span class='ocrx_word' id='word_1_178' title='bbox 1770 3075 2363 3169; x_wconf 84' lang='lat' dir='ltr'>intellectualem,</span> <span class='ocrx_word' id='word_1_179' title='bbox 2398 3079 2720 3148; x_wconf 79' lang='lat' dir='ltr'>incontro</span> <span class='ocrx_word' id='word_1_180' title='bbox 2765 3076 2843 3147; x_wconf 88' lang='lat' dir='ltr'>al</span> 
     </span>
     <span class='ocr_line' id='line_1_23' title="bbox 484 3193 2837 3293; baseline -0.002 -21"><span class='ocrx_word' id='word_1_181' title='bbox 484 3202 773 3293; x_wconf 73' lang='lat' dir='ltr'>poqqio,</span> <span class='ocrx_word' id='word_1_182' title='bbox 824 3197 1025 3292; x_wconf 89' lang='lat' dir='ltr'>idest,</span> <span class='ocrx_word' id='word_1_183' title='bbox 1079 3218 1339 3273; x_wconf 86' lang='lat' dir='ltr'>versus</span> <span class='ocrx_word' id='word_1_184' title='bbox 1389 3203 1752 3290; x_wconf 83' lang='lat' dir='ltr'>montem3</span> <span class='ocrx_word' id='word_1_185' title='bbox 1790 3201 1865 3269; x_wconf 89' lang='lat' dir='ltr'>et</span> <span class='ocrx_word' id='word_1_186' title='bbox 1914 3195 2239 3270; x_wconf 89' lang='lat' dir='ltr'>declarat</span> <span class='ocrx_word' id='word_1_187' title='bbox 2271 3193 2363 3269; x_wconf 92' lang='lat' dir='ltr'>de</span> <span class='ocrx_word' id='word_1_188' title='bbox 2399 3215 2547 3288; x_wconf 91' lang='lat' dir='ltr'>quo</span> <span class='ocrx_word' id='word_1_189' title='bbox 2583 3198 2837 3267; x_wconf 89' lang='lat' dir='ltr'>monte</span> 
     </span>
     <span class='ocr_line' id='line_1_24' title="bbox 489 3309 2839 3414; baseline -0.003 -21"><span class='ocrx_word' id='word_1_190' title='bbox 489 3318 863 3414; x_wconf 88' lang='lat' dir='ltr'>loquatur,</span> <span class='ocrx_word' id='word_1_191' title='bbox 913 3317 1205 3392; x_wconf 86' lang='lat' dir='ltr'>dicens:</span> <span class='ocrx_word' id='word_1_192' title='bbox 1269 3321 1388 3390; x_wconf 76' lang='lat' dir='ltr'>clze</span> <span class='ocrx_word' id='word_1_193' title='bbox 1436 3320 1713 3389; x_wconf 83' lang='lat' dir='ltr'>’nverso</span> <span class='ocrx_word' id='word_1_194' title='bbox 1755 3317 1806 3388; x_wconf 84' lang='lat' dir='ltr'>’l</span> <span class='ocrx_word' id='word_1_195' title='bbox 1849 3317 1980 3388; x_wconf 83' lang='lat' dir='ltr'>ciel</span> <span class='ocrx_word' id='word_1_196' title='bbox 2025 3309 2152 3408; x_wconf 58' lang='lat' dir='ltr'>pit)</span> <span class='ocrx_word' id='word_1_197' title='bbox 2215 3317 2358 3387; x_wconf 85' lang='lat' dir='ltr'>alto</span> <span class='ocrx_word' id='word_1_198' title='bbox 2406 3317 2470 3386; x_wconf 81' lang='lat' dir='ltr'>si</span> <span class='ocrx_word' id='word_1_199' title='bbox 2531 3316 2839 3405; x_wconf 71' lang='lat' dir='ltr'>dislaqa,</span> 
     </span>
     <span class='ocr_line' id='line_1_25' title="bbox 492 3434 2840 3535; baseline -0.003 -21"><span class='ocrx_word' id='word_1_200' title='bbox 492 3438 697 3535; x_wconf 86' lang='lat' dir='ltr'>idest,</span> <span class='ocrx_word' id='word_1_201' title='bbox 733 3439 862 3533; x_wconf 89' lang='lat' dir='ltr'>qui</span> <span class='ocrx_word' id='word_1_202' title='bbox 911 3459 1122 3513; x_wconf 89' lang='lat' dir='ltr'>mons</span> <span class='ocrx_word' id='word_1_203' title='bbox 1176 3437 1407 3535; x_wconf 89' lang='lat' dir='ltr'>magis</span> <span class='ocrx_word' id='word_1_204' title='bbox 1459 3443 1532 3512; x_wconf 92' lang='lat' dir='ltr'>et</span> <span class='ocrx_word' id='word_1_205' title='bbox 1583 3435 1818 3533; x_wconf 89' lang='lat' dir='ltr'>magis</span> <span class='ocrx_word' id='word_1_206' title='bbox 1852 3434 2201 3509; x_wconf 88' lang='lat' dir='ltr'>dilatatur</span> <span class='ocrx_word' id='word_1_207' title='bbox 2236 3454 2626 3527; x_wconf 89' lang='lat' dir='ltr'>usquequo</span> <span class='ocrx_word' id='word_1_208' title='bbox 2667 3454 2840 3529; x_wconf 91' lang='lat' dir='ltr'>per-</span> 
     </span>
     <span class='ocr_line' id='line_1_26' title="bbox 492 3554 2839 3650; baseline -0.003 -14"><span class='ocrx_word' id='word_1_209' title='bbox 492 3560 833 3636; x_wconf 81' lang='lat' dir='ltr'>veniatur</span> <span class='ocrx_word' id='word_1_210' title='bbox 880 3559 955 3633; x_wconf 89' lang='lat' dir='ltr'>in</span> <span class='ocrx_word' id='word_1_211' title='bbox 1008 3560 1304 3633; x_wconf 89' lang='lat' dir='ltr'>coelum.</span> <span class='ocrx_word' id='word_1_212' title='bbox 1358 3557 1560 3632; x_wconf 89' lang='lat' dir='ltr'>Unde</span> <span class='ocrx_word' id='word_1_213' title='bbox 1612 3564 1784 3631; x_wconf 85' lang='lat' dir='ltr'>nota</span> <span class='ocrx_word' id='word_1_214' title='bbox 1837 3556 2033 3649; x_wconf 90' lang='lat' dir='ltr'>quod</span> <span class='ocrx_word' id='word_1_215' title='bbox 2085 3561 2298 3650; x_wconf 91' lang='lat' dir='ltr'>poeta</span> <span class='ocrx_word' id='word_1_216' title='bbox 2359 3554 2588 3650; x_wconf 88' lang='lat' dir='ltr'>fingit,</span> <span class='ocrx_word' id='word_1_217' title='bbox 2642 3554 2839 3650; x_wconf 88' lang='lat' dir='ltr'>quod</span> 
     </span>
     <span class='ocr_line' id='line_1_27' title="bbox 491 3674 2841 3773; baseline -0.002 -20"><span class='ocrx_word' id='word_1_218' title='bbox 491 3678 611 3753; x_wconf 87' lang='lat' dir='ltr'>hic</span> <span class='ocrx_word' id='word_1_219' title='bbox 660 3699 874 3753; x_wconf 88' lang='lat' dir='ltr'>mons</span> <span class='ocrx_word' id='word_1_220' title='bbox 923 3677 1165 3773; x_wconf 89' lang='lat' dir='ltr'>incipit</span> <span class='ocrx_word' id='word_1_221' title='bbox 1214 3678 1310 3752; x_wconf 89' lang='lat' dir='ltr'>ab</span> <span class='ocrx_word' id='word_1_222' title='bbox 1359 3688 1588 3771; x_wconf 89' lang='lat' dir='ltr'>arcto,</span> <span class='ocrx_word' id='word_1_223' title='bbox 1625 3684 1698 3750; x_wconf 91' lang='lat' dir='ltr'>et</span> <span class='ocrx_word' id='word_1_224' title='bbox 1741 3674 2102 3772; x_wconf 89' lang='lat' dir='ltr'>gradatim</span> <span class='ocrx_word' id='word_1_225' title='bbox 2144 3674 2603 3749; x_wconf 91' lang='lat' dir='ltr'>ascendendo</span> <span class='ocrx_word' id='word_1_226' title='bbox 2645 3696 2841 3750; x_wconf 91' lang='lat' dir='ltr'>sem-</span> 
     </span>
     <span class='ocr_line' id='line_1_28' title="bbox 493 3792 2840 3894; baseline -0.002 -21"><span class='ocrx_word' id='word_1_227' title='bbox 493 3792 725 3894; x_wconf 57' lang='grc' dir='ltr'>ρει-0)</span> <span class='ocrx_word' id='word_1_228' title='bbox 778 3798 1196 3894; x_wconf 87' lang='lat' dir='ltr'>ampliatur,</span> <span class='ocrx_word' id='word_1_229' title='bbox 1248 3797 1433 3872; x_wconf 89' lang='lat' dir='ltr'>sicut</span> <span class='ocrx_word' id='word_1_230' title='bbox 1483 3802 1680 3893; x_wconf 86' lang='lat' dir='ltr'>patet</span> <span class='ocrx_word' id='word_1_231' title='bbox 1744 3796 1817 3868; x_wconf 92' lang='lat' dir='ltr'>in</span> <span class='ocrx_word' id='word_1_232' title='bbox 1880 3815 2108 3869; x_wconf 89' lang='lat' dir='ltr'>arena</span> <span class='ocrx_word' id='word_1_233' title='bbox 2161 3794 2470 3868; x_wconf 87' lang='lat' dir='ltr'>Veronae</span> <span class='ocrx_word' id='word_1_234' title='bbox 2524 3794 2598 3867; x_wconf 88' lang='lat' dir='ltr'>&#39;si</span> <span class='ocrx_word' id='word_1_235' title='bbox 2657 3795 2840 3870; x_wconf 90' lang='lat' dir='ltr'>inci-</span> 
     </span>
     <span class='ocr_line' id='line_1_29' title="bbox 492 3915 2833 4015; baseline -0.002 -22"><span class='ocrx_word' id='word_1_236' title='bbox 492 3918 602 4015; x_wconf 86' lang='lat' dir='ltr'>pis</span> <span class='ocrx_word' id='word_1_237' title='bbox 646 3935 697 3993; x_wconf 83' lang='lat' dir='ltr'>a</span> <span class='ocrx_word' id='word_1_238' title='bbox 744 3918 972 3993; x_wconf 86' lang='lat' dir='ltr'>fundo</span> <span class='ocrx_word' id='word_1_239' title='bbox 1022 3928 1097 3995; x_wconf 89' lang='lat' dir='ltr'>et</span> <span class='ocrx_word' id='word_1_240' title='bbox 1130 3918 1361 3993; x_wconf 91' lang='lat' dir='ltr'>tendis</span> <span class='ocrx_word' id='word_1_241' title='bbox 1411 3918 1485 3990; x_wconf 90' lang='lat' dir='ltr'>in</span> <span class='ocrx_word' id='word_1_242' title='bbox 1535 3918 1812 4010; x_wconf 83' lang='lat' dir='ltr'>altum3</span> <span class='ocrx_word' id='word_1_243' title='bbox 1856 3923 1931 3990; x_wconf 89' lang='lat' dir='ltr'>et</span> <span class='ocrx_word' id='word_1_244' title='bbox 1972 3915 2131 3988; x_wconf 89' lang='lat' dir='ltr'>talis</span> <span class='ocrx_word' id='word_1_245' title='bbox 2172 3920 2373 3989; x_wconf 92' lang='lat' dir='ltr'>recte</span> <span class='ocrx_word' id='word_1_246' title='bbox 2416 3921 2527 3988; x_wconf 89' lang='lat' dir='ltr'>est</span> <span class='ocrx_word' id='word_1_247' title='bbox 2576 3915 2833 3989; x_wconf 79' lang='lat' dir='ltr'>virtus,</span> 
     </span>
     <span class='ocr_line' id='line_1_30' title="bbox 494 4034 2841 4134; baseline -0.003 -19"><span class='ocrx_word' id='word_1_248' title='bbox 494 4040 601 4116; x_wconf 26' lang='lat' dir='ltr'>Et*</span> <span class='ocrx_word' id='word_1_249' title='bbox 630 4040 771 4116; x_wconf 85' lang='lat' dir='ltr'>hoc</span> <span class='ocrx_word' id='word_1_250' title='bbox 817 4039 978 4134; x_wconf 86' lang='lat' dir='ltr'>feci,</span> <span class='ocrx_word' id='word_1_251' title='bbox 1032 4042 1316 4132; x_wconf 81' lang='lat' dir='ltr'>quando</span> <span class='ocrx_word' id='word_1_252' title='bbox 1368 4040 1419 4112; x_wconf 85' lang='lat' dir='ltr'>li</span> <span class='ocrx_word' id='word_1_253' title='bbox 1453 4040 1649 4131; x_wconf 81' lang='lat' dir='ltr'>piedi</span> <span class='ocrx_word' id='word_1_254' title='bbox 1706 4040 1885 4128; x_wconf 79' lang='lat' dir='ltr'>suoi,</span> <span class='ocrx_word' id='word_1_255' title='bbox 1948 4035 2218 4110; x_wconf 90' lang='lat' dir='ltr'>scilicet</span> <span class='ocrx_word' id='word_1_256' title='bbox 2283 4034 2473 4128; x_wconf 86' lang='lat' dir='ltr'>illius</span> <span class='ocrx_word' id='word_1_257' title='bbox 2539 4035 2841 4132; x_wconf 91' lang='lat' dir='ltr'>Virgilii,</span> 
     </span>
     <span class='ocr_line' id='line_1_31' title="bbox 491 4155 2845 4254; baseline -0.001 -21"><span class='ocrx_word' id='word_1_258' title='bbox 491 4161 757 4233; x_wconf 74' lang='lat' dir='ltr'>lasciar</span> <span class='ocrx_word' id='word_1_259' title='bbox 806 4162 879 4233; x_wconf 84' lang='lat' dir='ltr'>la</span> <span class='ocrx_word' id='word_1_260' title='bbox 922 4163 1161 4254; x_wconf 61' lang='lat' dir='ltr'>frena,</span> <span class='ocrx_word' id='word_1_261' title='bbox 1213 4158 1417 4252; x_wconf 90' lang='lat' dir='ltr'>idest,</span> <span class='ocrx_word' id='word_1_262' title='bbox 1471 4156 1766 4251; x_wconf 90' lang='lat' dir='ltr'>quando</span> <span class='ocrx_word' id='word_1_263' title='bbox 1819 4155 2130 4231; x_wconf 89' lang='lat' dir='ltr'>cessavit</span> <span class='ocrx_word' id='word_1_264' title='bbox 2190 4177 2235 4230; x_wconf 89' lang='lat' dir='ltr'>a</span> <span class='ocrx_word' id='word_1_265' title='bbox 2305 4175 2529 4229; x_wconf 91' lang='lat' dir='ltr'>cursu</span> <span class='ocrx_word' id='word_1_266' title='bbox 2593 4162 2668 4231; x_wconf 91' lang='lat' dir='ltr'>et</span> <span class='ocrx_word' id='word_1_267' title='bbox 2718 4156 2845 4230; x_wconf 88' lang='lat' dir='ltr'>fir-</span> 
     </span>
     <span class='ocr_line' id='line_1_32' title="bbox 490 4273 2843 4375; baseline -0.002 -22"><span class='ocrx_word' id='word_1_268' title='bbox 490 4277 724 4354; x_wconf 80' lang='lat' dir='ltr'>mavit</span> <span class='ocrx_word' id='word_1_269' title='bbox 772 4298 871 4354; x_wconf 83' lang='lat' dir='ltr'>se.</span> <span class='ocrx_word' id='word_1_270' title='bbox 926 4279 1016 4352; x_wconf 88' lang='lat' dir='ltr'>Et</span> <span class='ocrx_word' id='word_1_271' title='bbox 1064 4277 1295 4375; x_wconf 88' lang='lat' dir='ltr'>tangit</span> <span class='ocrx_word' id='word_1_272' title='bbox 1346 4298 1660 4372; x_wconf 86' lang='lat' dir='ltr'>parvum</span> <span class='ocrx_word' id='word_1_273' title='bbox 1712 4273 1967 4350; x_wconf 80' lang='lat' dir='ltr'>sallum</span> <span class='ocrx_word' id='word_1_274' title='bbox 2022 4274 2219 4369; x_wconf 91' lang='lat' dir='ltr'>quod</span> <span class='ocrx_word' id='word_1_275' title='bbox 2272 4276 2546 4351; x_wconf 83' lang='lat' dir='ltr'>fecerat</span> <span class='ocrx_word' id='word_1_276' title='bbox 2605 4275 2843 4372; x_wconf 90' lang='lat' dir='ltr'>Virgi-</span> 
     </span>
     <span class='ocr_line' id='line_1_33' title="bbox 491 4395 2841 4493; baseline -0.002 -21"><span class='ocrx_word' id='word_1_277' title='bbox 491 4395 656 4493; x_wconf 75' lang='lat' dir='ltr'>lius,</span> <span class='ocrx_word' id='word_1_278' title='bbox 720 4417 894 4472; x_wconf 88' lang='lat' dir='ltr'>cum</span> <span class='ocrx_word' id='word_1_279' title='bbox 964 4398 1178 4477; x_wconf 88' lang='lat' dir='ltr'>dicit:</span> <span class='ocrx_word' id='word_1_280' title='bbox 1259 4400 1412 4490; x_wconf 77' lang='lat' dir='ltr'>che,</span> <span class='ocrx_word' id='word_1_281' title='bbox 1477 4396 1684 4491; x_wconf 90' lang='lat' dir='ltr'>idest,</span> <span class='ocrx_word' id='word_1_282' title='bbox 1749 4416 1917 4491; x_wconf 84' lang='lat' dir='ltr'>quae</span> <span class='ocrx_word' id='word_1_283' title='bbox 1982 4396 2416 4490; x_wconf 83' lang='lat' dir='ltr'>festinantia,</span> <span class='ocrx_word' id='word_1_284' title='bbox 2488 4400 2841 4489; x_wconf 72' lang='lat' dir='ltr'>dismaya,</span> 
     </span>
    </p>
   </div>
   <div class='ocr_carea' id='block_1_3' title="bbox 622 4662 1802 4727">
    <p class='ocr_par' dir='ltr' id='par_1_3' title="bbox 622 4662 1802 4727">
     <span class='ocr_line' id='line_1_34' title="bbox 622 4662 1802 4727; baseline -0.002 -13"><span class='ocrx_word' id='word_1_285' title='bbox 622 4663 677 4726; x_wconf 90' lang='lat'>(¹)</span> <span class='ocrx_word' id='word_1_286' title='bbox 711 4663 773 4712; x_wconf 89' lang='lat' dir='ltr'>E.</span> <span class='ocrx_word' id='word_1_287' title='bbox 806 4676 1010 4726; x_wconf 77' lang='lat' dir='ltr'>semper</span> <span class='ocrx_word' id='word_1_288' title='bbox 1043 4663 1337 4727; x_wconf 82' lang='lat' dir='ltr'>duplicatur</span> <span class='ocrx_word' id='word_1_289' title='bbox 1369 4664 1476 4714; x_wconf 78' lang='lat' dir='ltr'>sive</span> <span class='ocrx_word' id='word_1_290' title='bbox 1509 4662 1802 4726; x_wconf 81' lang='lat' dir='ltr'>ampliatur.</span> 
     </span>
    </p>
   </div>
  </div>
 </body>
</html>
