3704 5559
867 497 1008 562 322
1595 509 2006 563 COMENTUM
2055 510 2495 564 PURGATonu

862 886 1190 954 CANTUS
1236 886 1620 954 DECIMUS
1670 885 2137 968 SECUNDUS,
2187 887 2259 952 in
2288 906 2407 969 quo
2438 888 2695 969 exponit
2724 888 2887 953 sicut
2913 890 2983 953 in
3012 890 3214 956 medio

1013 1001 1266 1064 itineris
1322 1001 1694 1064 imvenerunt
1750 998 1953 1063 multa
2007 997 2327 1079 sculptilia
2388 997 2535 1062 olim
2589 999 3002 1079 superborum
3058 1022 3214 1083 quos

1020 1130 1229 1175 omnes
1271 1111 1575 1175 nominat.
1622 1109 1713 1175 Et
1745 1113 1817 1175 in
1843 1111 1973 1192 fine
2000 1110 2162 1175 sicut
2190 1109 2448 1192 quidam
2492 1109 2756 1194 anyelus
2802 1111 3011 1176 docuit
3038 1112 3214 1193 ipsos

1016 1223 1154 1299 iter,
1181 1226 1241 1286 et
1269 1224 1428 1287 sicut
1456 1223 1548 1287 ibi
1578 1222 1957 1287 audiverunt
1984 1241 2161 1287 voces
2192 1222 2546 1304 aliquorum
2567 1222 2907 1303 spirituum
2931 1224 3211 1289 invidiae.

1012 1513 1226 1677 D1
1265 1622 1442 1672 mm
1481 1621 1670 1674 come
1706 1601 1869 1673 huoi
1901 1602 2020 1671 che
2054 1620 2287 1673 vanno
2322 1620 2370 1670 a
2401 1602 2633 1690 92‘090.
2688 1601 3081 1693 Postquam
3136 1601 3210 1673 in

862 1721 1217 1814 superiori
1271 1722 1587 1815 capitulo
1639 1721 1974 1815 proxime
2025 1719 2459 1813 praecedenti
2507 1725 2722 1813 poeta
2774 1726 3022 1794 noster
3057 1726 3210 1794 tra-

859 1841 1080 1931 ctavit
1130 1847 1202 1915 et
1254 1841 1766 1915 determinavit
1816 1840 1909 1913 de
1975 1839 2412 1934 purgatione
2477 1839 2841 1933 superbiae
2909 1840 2981 1911 in
3047 1860 3210 1934 spe-

860 1960 1018 2033 ciali
1056 1967 1130 2034 et
1162 1961 1394 2034 inanis
1428 1960 1703 2056 gloria-3,
1742 1981 1910 2052 quae
1946 1963 2055 2032 est
2104 1958 2247 2031 filia
2283 1958 2769 2053 primogenita
2805 1959 3207 2053 superbiae3

860 2101 1056 2153 nunc
1109 2087 1642 2173 consequenter
1692 2081 1766 2153 in
1817 2081 1954 2153 isto
2006 2080 2322 2173 capitulo
2359 2080 2483 2151 ΧΠ
2525 2080 2737 2153 docet
2790 2099 2922 2152 nos
2975 2079 3207 2152 vitare

861 2210 1269 2296 utrumque
1318 2204 1599 2276 vitium.
1655 2205 1742 2276 Et
1792 2224 2114 2299 praesens
2163 2203 2564 2297 capitulum
2608 2210 2843 2297 potest
2883 2203 3205 2277 breviter

864 2324 1076 2397 dividi
1130 2325 1201 2396 in
1255 2330 1401 2399 tres
1437 2331 1679 2418 partes
1714 2326 2132 2421 generales:
2187 2325 2260 2397 in
2303 2325 2537 2419 prima
2575 2345 2894 2418 quarum
2933 2324 3204 2399 descri-

861 2445 964 2516 bit
1015 2462 1233 2517 suum
1287 2452 1719 2539 apparatum
1774 2445 1865 2519 ad
1917 2451 2349 2538 sequentem
2405 2445 2815 2538 materiam,
2853 2451 2927 2518 et
2974 2446 3204 2541 tangit

862 2566 1088 2660 ipsam
1148 2565 1532 2639 materiam
1585 2566 2085 2640 dicendorum.
2141 2566 2221 2638 In
2274 2565 2593 2639 secunda
2630 2565 2995 2659 percurrit
3035 2565 3208 2639 bre-

861 2686 1047 2760 viter
1082 2687 1313 2758 multa
1358 2686 1836 2759 memoranda
1890 2686 2228 2779 exempla
2264 2685 2779 2779 superborum,
2819 2684 3205 2757 ostendens

860 2806 1309 2880 miserabiles
1362 2805 1666 2878 effectus
1697 2800 1767 2898 (⁴)
1824 2806 2367 2899 superbiarum,
2423 2806 2558 2878 ibi:
2619 2808 2839 2878 Vedea
2889 2807 3085 2878 colui.
3123 2804 3202 2875 In

859 2925 1069 2999 tertia
1121 2925 1459 2999 describit
1511 2946 1747 2998 unum
1799 2926 2149 3020 angelum
2202 2925 2329 3018 qui
2383 2925 2688 2998 mundat
2739 2946 2913 2998 eum
2951 2945 2993 2997 a
3031 2924 3204 2998 vitio

857 3046 1240 3141 superbiae‚
1279 3052 1352 3120 et
1397 3046 1639 3141 dirigit
1687 3045 1778 3118 ad
1831 3046 2237 3118 secundum
2291 3044 2676 3137 circulum,
2715 3044 2787 3115 in
2823 3064 2972 3138 quo
3023 3064 3207 3137 pur-

853 3171 1074 3259 gatur
1124 3165 1412 3257 invidia,
1468 3166 1601 3237 ibi:
1641 3161 1771 3237 Pi&
1821 3185 1951 3236 era
1993 3155 2135 3255 yid.
2182 3164 2286 3236 Ad
2323 3165 2643 3258 primum
2684 3164 2984 3238 veniens
3017 3162 3202 3256 dioc,

855 3284 1052 3375 quod
1104 3289 1315 3376 poeta
1369 3284 1606 3376 primo
1641 3284 1983 3358 describit
2017 3290 2450 3378 apparatum
2497 3304 2714 3355 suum
2755 3283 2845 3356 ad
2883 3303 3204 3375 sequen-

857 3408 1006 3475 tem
1063 3403 1441 3474 materiam
1500 3424 1723 3496 quam
1776 3404 2158 3498 proponit3
2213 3404 2339 3477 sed
2391 3404 2761 3498 praemittit
2819 3403 3205 3477 continua-

856 3520 1127 3593 tionem
1179 3521 1542 3595 dictorum
1594 3522 1686 3596 ad
1738 3522 2038 3597 dicenda
2076 3544 2209 3617 per
2243 3544 2469 3596 unam
2513 3525 2842 3618 pulcram
2897 3543 3201 3616 compa-

857 3641 1211 3715 rationem
1283 3648 1356 3716 et
1426 3643 1725 3736 claram,
1797 3643 2089 3716 dicens:
2162 3647 2242 3714 Io
2308 3646 2398 3715 m'
2427 3646 2714 3715 andava
2782 3664 2914 3715 con
2975 3645 3204 3734 quella

855 3764 1097 3834 anima
1147 3784 1390 3852 carca,
1443 3762 1646 3857 idest,
1683 3762 2013 3835 Odorisio
2066 3767 2373 3835 onerato
2424 3763 2748 3857 pondere
2779 3753 2852 3854 (²)
2895 3762 3076 3855 saxi,
3130 3764 3206 3834 di

842 3884 1043 3973 pari,
1098 3882 1298 3975 idest,
1336 3882 1610 3976 pariter
1661 3887 1734 3955 et
1786 3882 2193 3974 aequaliter,
2247 3902 2438 3953 come
2486 3883 2646 3953 bum·
2694 3884 2812 3954 che
2864 3902 3097 3954 vanno
3150 3902 3197 3952 a

849 4008 1104 4096 92'0905
1157 4009 1230 4077 et
1283 4009 1390 4077 est
1440 4003 1732 4097 propria
1770 4002 2258 4095 comparati03
2306 4002 2492 4074 sicut
2532 4002 2725 4076 enim
2776 4008 3034 4075 taurus
3073 4023 3201 4074 su-

847 4125 1121 4218 perbus
1170 4125 1463 4218 ponitur
1515 4123 1654 4196 sub
1696 4124 1967 4217 jugum
2026 4128 2107 4194 ut
2168 4122 2513 4196 dometur
2575 4127 2650 4196 et
2717 4122 2841 4196 fiat
2906 4121 3199 4195 humilis

849 4250 922 4316 et
975 4250 1423 4337 mansuetu5‚
1477 4243 1574 4316 ita
1627 4242 1820 4336 quod
1875 4243 2080 4317 discit
2131 4263 2276 4315 non
2333 4243 2549 4317 ferire
2599 4243 2911 4338 amplius
2962 4264 3194 4317 cornu

844 4364 961 4438 vel
1014 4364 1229 4457 pede;
1285 4364 1380 4436 ita
1435 4384 1632 4439 nunc
1680 4362 2050 4436 Odorisius
2101 4365 2466 4458 superbus
2517 4365 2793 4458 positus
2844 4369 3004 4439 erat
3056 4363 3195 4436 sub

975 4626 1029 4688 (¹)
1063 4629 1168 4683 117,
1202 4623 1417 4675 effectus
1449 4626 1809 4689 superborum.
2194 4626 2249 4692 (‘)
2284 4630 2345 4679 E.
2379 4630 2607 4692 pondere
2640 4629 2892 4692 superbias
2926 4628 3049 4677 saxi.
