3704 5559
853 489 945 554 64
1576 500 1987 555 COMENTUM
2037 500 2476 555 PURGA'roRn

849 667 1004 721 sem
1059 646 1184 741 qui
1236 645 1689 720 familiariter
1724 646 2167 740 loquebatur
2203 666 2376 719 cum
2429 646 2605 739 De0,
2659 651 2734 719 et
2785 644 3194 719 secundum

843 773 1295 861 praeceptum
1332 765 1488 840 eius
1534 766 1839 861 regebat
1894 772 1966 840 et
2017 766 2330 840 ducebat
2372 766 2728 859 populum
2765 764 2894 839 Dei
2934 764 3008 837 in
3045 771 3199 838 ter-

846 908 1008 960 ram
1060 885 1577 981 promissionis,
1631 886 1818 959 sicut
1869 886 2192 981 Angelus
2243 885 2379 959 iste
2429 884 2627 958 ducit
2690 884 2863 958 istos
2921 885 3015 959 ad
3078 905 3199 958 re—

845 1029 1103 1105 gnum,
1134 1007 1330 1102 quod
1364 1006 1697 1101 promisit
1731 1008 1926 1080 Deus
1962 1005 2424 1102 diligentibus
2457 1024 2558 1078 se.
2589 1005 2676 1076 Et
2710 1004 2896 1078 sicut
2926 1004 3200 1079 bebraei

846 1127 1161 1218 liberati,
1196 1133 1446 1222 postea
1479 1126 1901 1200 habuerunt
1934 1126 2172 1200 Deum
2214 1124 2609 1219 propitium
2649 1130 2722 1198 et
2759 1130 3201 1218 receperunt

851 1247 1178 1321 maxima
1229 1253 1302 1321 et
1352 1246 1711 1319 mirabilia
1762 1246 2113 1320 beneficia
2164 1245 2259 1318 ab
2320 1265 2433 1338 eo,
2485 1244 2613 1318 sed
2673 1264 2866 1339 saepe
2930 1244 3197 1339 ingrati

851 1367 1499 1462 conquerebantur
1542 1371 1614 1440 et
1650 1366 1993 1440 volebant
2044 1364 2285 1439 redire
2317 1364 2392 1437 in
2426 1364 2851 1460 AEgyptum,
2894 1369 3193 1458 propter

851 1488 1051 1582 quod
1085 1487 1282 1561 Deus
1331 1478 1525 1580 saepe
1576 1485 1969 1580 flagellavit
2019 1505 2183 1577 eos3
2227 1484 2327 1557 ita
2379 1491 2580 1558 recte
2618 1484 2877 1558 accidit
2916 1484 3027 1557 his
3067 1484 3192 1577 qui

851 1608 1208 1682 recedunt
1257 1626 1301 1679 a
1363 1606 1551 1681 vitiis
1620 1612 1691 1680 et
1761 1605 2069 1679 tendunt
2136 1605 2229 1680 ad
2288 1605 2597 1679 virtutes
2654 1624 2787 1699 per
2845 1610 3197 1700 purgato-

852 1727 1070 1800 rium.
1126 1727 1213 1799 Et
1264 1726 1451 1801 sicut
1509 1726 1783 1800 hebraei
1845 1726 2141 1800 tandem
2209 1724 2718 1819 pervenientes
2777 1724 2850 1797 in
2918 1731 3192 1799 terram

848 1847 1348 1943 promissionis
1411 1847 1835 1922 habuerunt
1904 1846 2274 1920 mirabiles
2338 1845 2678 1919 victorias
2744 1851 2820 1919 et
2886 1866 3193 1940 magnas

847 1968 1132 2063 praedas
1185 1967 1259 2040 in
1312 1974 1512 2042 terra
1565 1966 2037 2060 fertilissima3
2075 1966 2173 2040 ita
2205 1958 2276 2058 (¹)
2316 1966 2429 2042 isti
2474 1965 2850 2041 tendentes
2899 1966 2992 2040 ad
3046 1965 3195 2039 vir-

850 2093 1085 2162 tutem
1133 2086 1498 2161 debellant
1539 2087 1806 2179 hosteS,
1844 2086 2049 2178 idest,
2077 2086 2273 2179 vitia,
2312 2086 2386 2157 in
2427 2092 2624 2160 terra
2660 2084 3067 2159 felicissima
3094 2075 3194 2178 (²),

850 2205 1056 2299 idest,
1095 2205 1390 2298 virtute,
1431 2211 1505 2278 et
1556 2205 1851 2278 tandem
1909 2206 2362 2299 triumphant
2411 2205 2484 2277 in
2534 2204 2810 2279 coelesti
2843 2205 3195 2279 Hierusa-

849 2326 1020 2400 lem.
1057 2326 1145 2397 Et
1170 2325 1294 2413 =hic
1329 2326 1588 2399 ultimo
1616 2331 1812 2419 nota,
1838 2326 2061 2419 quod,
2090 2326 2280 2399 sicut
2314 2325 2562 2399 scribit
2586 2326 2941 2419 Josephus
2976 2325 3191 2399 tertio

851 2444 1413 2539 Antiquitatum,
1452 2445 1626 2518 luna
1658 2451 1928 2539 quarta
1964 2444 2268 2537 decima,
2323 2446 2476 2518 sole
2524 2445 2759 2539 posito
2808 2444 2882 2518 in
2939 2444 3189 2538 ariete,

853 2564 1129 2639 hebraei
1198 2562 1478 2637 liberati
1545 2570 1717 2637 sunt
1791 2586 1838 2638 a
1913 2564 2269 2639 servitute
2334 2564 2840 2660 aegyptiorum,
2910 2564 2982 2637 in
3044 2584 3193 2658 quo

851 2691 1123 2782 puncto
1175 2689 1391 2779 poeta
1445 2692 1694 2758 noster
1746 2684 2098 2758 liberatus
2151 2690 2262 2758 est
2326 2706 2373 2758 a
2437 2684 2789 2758 servitute
2856 2689 3195 2778 peccato-

852 2828 1050 2900 rum,
1094 2811 1168 2879 et
1217 2825 1349 2899 per
1410 2805 1786 2879 desertum
1838 2805 2246 2900 purgatorii
2298 2805 2632 2898 pervenit
2679 2805 2771 2878 ad
2822 2805 3195 2879 coelestem

846 2926 1329 3000 Hierusalem.
1386 2926 1493 3000 De
1544 2925 1682 2999 isto
1731 2925 2006 2999 ducatu
2055 2925 2316 3021 Moysis
2367 2926 2652 3000 dicetur
2685 2925 2852 2999 alibi
2887 2927 3191 3021 plenius.

846 3046 937 3119 Et
1000 3045 1312 3120 finaliter
1386 3051 1603 3139 poeta
1678 3045 1992 3119 ostendit
2069 3045 2445 3138 quomodo
2519 3047 2898 3120 Galeottus
2974 3046 3198 3141 depo·

849 3165 1081 3238 suerit
1147 3164 1431 3239 animas
1483 3164 1576 3238 ad
1633 3174 1936 3258 terram,
2007 3164 2178 3238 dato
2248 3165 2352 3239 eis
2418 3173 2622 3239 certo
2689 3165 2933 3260 signo;
3006 3164 3199 3237 unde

848 3281 1059 3357 dicit:
1104 3286 1254 3374 poi,
1307 3283 1427 3356 ille
1478 3283 1824 3378 AngeluS,
1867 3288 2014 3377 fece
2065 3287 2179 3356 lor
2227 3287 2283 3356 il
2326 3306 2542 3374 seyno
2589 3287 2667 3357 di
2711 3290 2919 3356 santa
2968 3303 3195 3374 croce,

848 3401 944 3476 ad
992 3401 1489 3476 denotandum
1542 3403 1741 3496 quod
1791 3403 1981 3478 sicut
2033 3410 2391 3478 venerant
2456 3404 2550 3479 ad
2609 3404 2777 3477 litus
2837 3403 2910 3477 in
2974 3404 3196 3477 barca

851 3522 1044 3616 fidei,
1095 3522 1195 3596 ita
1244 3522 1383 3595 sub
1435 3522 1703 3597 vexillo
1756 3529 1830 3598 et
1881 3523 2087 3619 signo
2141 3523 2400 3597 Christi
2466 3523 2860 3597 militarent
2912 3530 2987 3598 et
3035 3542 3198 3597 cer-

850 3649 1095 3717 tarent
1144 3648 1401 3717 contra
1451 3644 1697 3717 hostes
1763 3666 1898 3738 per
1968 3651 2204 3720 totum
2272 3644 2411 3718 iter
2475 3663 2864 3738 usquequo
2928 3663 3195 3738 perve-

851 3762 1054 3838 niant
1101 3762 1196 3836 ad
1246 3763 1635 3857 praemium
1700 3763 2042 3837 laborum
2095 3785 2561 3859 magnorum.
2614 3763 2704 3836 Et
2753 3763 2942 3837 bene
2993 3762 3197 3860 fingit

850 3884 1049 3978 quod
1081 3885 1405 3988 Angelus
1457 3884 1738 3959 dederit
1786 3884 1940 3957 istis
1991 3885 2283 3980 signum
2325 3885 2587 3979 cruciS,
2640 3884 2813 3979 quia
2866 3883 3196 3979 infidelis,

849 4004 1085 4079 donec
1118 4004 1444 4099 infidelis,
1474 4027 1886 4099 numquam
1931 4011 2170 4100 potest
2209 4005 2453 4080 facere
2487 4005 2680 4079 istud
2714 4005 2889 4078 iter:
2927 4004 3197 4078 idcirco

849 4124 1094 4200 statim
1145 4133 1447 4220 accepto
1497 4126 1704 4223 signo
1756 4125 2291 4200 descenderunt
2340 4125 2434 4200 ad
2485 4132 2804 4200 terram:
2845 4124 3041 4198 unde
3088 4124 3198 4198 di-

850 4242 984 4315 cit:
1038 4247 1201 4316 ond’
1226 4248 1291 4317 ei
1336 4249 1401 4318 si
1446 4249 1662 4336 αἰτίαν
1713 4249 1861 4319 tutti
1908 4249 1983 4317 in
2031 4265 2113 4317 su
2164 4249 2237 4318 la
2264 4247 2602 4337 piayqia:
2645 4237 2744 4317 ibi
2774 4233 2847 4336 (³)
2888 4264 3036 4317 non
3088 4250 3201 4318 est

851 4369 1132 4456 portuS,
1183 4363 1311 4436 ubi
1364 4363 1678 4439 debeant
1728 4364 2132 4458 quiescere,
2170 4384 2306 4438 nec
2339 4364 2667 4457 morari;
2703 4370 2768 4436 et
2802 4366 2891 4454 ei,
2927 4363 3198 4437 scilicet

976 4606 1034 4668 (¹)
1063 4606 1124 4655 Ε.
1147 4606 1217 4656 ita
1240 4612 1293 4657 et
1324 4608 1425 4657 isti.
1568 4607 1623 4670 (²)
1657 4608 1707 4658 S.
1728 4608 2047 4658 fertilissima
2070 4608 2153 4660 vel
2174 4608 2489 4659 felicissima.
2638 4606 2692 4670 (')
2728 4611 2834 4666 117,
2870 4604 2957 4654 ubi
2980 4610 3196 4656 nonest.
