3704 5559
865 521 1006 585 276
1584 529 1993 583 COMENTUM
2041 526 2482 582 PURGAToan

860 665 1459 767 ascendebamuS,
1502 695 1639 765 per
1688 694 1835 745 una
1859 676 2095 766 pietra
2128 675 2345 765 fessa,
2393 670 2598 762 idest,
2636 668 2939 742 divisam
2979 679 3053 745 et
3085 690 3211 742 ar-

860 801 1075 868 ctam.
1108 794 1247 868 Per
1275 794 1485 867 istam
1518 795 1710 868 viam
1741 794 1965 888 aliqui
1996 794 2252 866 volunt
2286 791 2692 886 intelligere
2721 790 3204 864 humilitatem

861 916 1321 989 contrariam·
1361 915 1748 1009 superbiae,
1785 935 1954 1008 quae
1996 914 2217 988 flectit
2252 932 2355 1006 se,
2393 918 2466 986 et
2501 912 2863 985 contrahit
2896 912 2988 985 ad
3024 913 3211 986 hanc

858 1044 1142 1131 partem
1198 1043 1270 1109 et
1323 1036 1544 1127 illam,
1599 1035 2006 1109 secundum
2062 1034 2260 1128 quod
2324 1034 2616 1106 fortuna
2689 1033 2922 1126 quatit
2971 1033 3207 1127 illam3

861 1158 1055 1231 unde
1107 1156 1320 1229 dicit:
1375 1158 1494 1227 che
1541 1158 1604 1226 st
1672 1176 1919 1226 movea
1970 1158 2210 1226 d'una
2270 1176 2306 1226 e
2366 1156 2435 1225 d'
2461 1156 2655 1225 altra
2710 1161 2941 1246 parte,
3003 1153 3207 1246 idest,

860 1278 1027 1350 hinc
1079 1275 1246 1348 inde
1263 1300 1281 1368 ;
1335 1274 1531 1368 quod
1597 1274 1922 1348 declarat
1982 1270 2115 1368 per
2181 1274 2511 1367 pulcram
2579 1273 3208 1367 comparationem

860 1404 934 1471 et
984 1397 1286 1488 claram,
1322 1394 1610 1468 dicens:
1664 1397 1956 1465 siccome
1990 1397 2034 1465 l'
2064 1396 2280 1484 ouda,
2322 1393 2529 1486 idest,
2566 1413 2761 1487 aqua
2799 1392 3047 1484 mariS,
3091 1395 3210 1465 che

855 1522 1070 1612 suyqe
1120 1539 1156 1589 e
1204 1518 1261 1587 ε’
1277 1535 1646 1606 oppressa,
1701 1513 1905 1607 idest,
1946 1533 2112 1607 quae
2164 1512 2442 1585 accedit
2494 1519 2569 1585 et
2622 1512 2896 1585 recedit
2948 1532 3211 1586 secun-

858 1637 1035 1711 dum
1087 1636 1378 1710 varium
1425 1635 1709 1707 fluxum
1749 1634 1996 1727 mariS,
2035 1633 2237 1725 idest,
2287 1632 2644 1726 impetum
2700 1631 3205 1705 adversorum.

860 1757 1014 1853 Ego
1080 1763 1325 1829 tamen
1398 1754 1642 1847 cred0,
1698 1753 1895 1848 quod
1947 1760 2162 1847 poeta
2233 1752 2370 1824 sub
2434 1753 2567 1824 ista
2640 1751 2930 1826 fictione
2988 1771 3204 1845 pere-

863 1877 1071 1973 grina
1103 1867 1176 1967 (¹)
1234 1874 1407 1947 velit
1459 1873 1808 1968 figurare,
1852 1894 2077 1967 quam
2131 1872 2423 1946 difficile
2474 1878 2548 1945 et
2601 1871 3050 1944 laboriosum
3102 1877 3212 1945 est

862 1998 1102 2092 ipsum
1154 1996 1476 2090 primum
1517 1995 1802 2067 initium
1840 1992 2156 2065 intrandi
2194 1994 2389 2066 viam
2427 1993 2738 2085 virtutiS,
2774 1992 2947 2086 quia
2989 1993 3212 2066 homo

865 2116 1093 2188 nescit
1157 2113 1462 2187 faciliter
1525 2133 1791 2207 capere
1857 2112 2207 2206 medium,
2268 2113 2421 2186 imo
2488 2113 2801 2186 declinat
2862 2132 3060 2186 nunc
3118 2110 3210 2185 ad

866 2256 1102 2308 unum
1156 2239 1601 2326 extremum,
1655 2254 1850 2307 nunc
1892 2233 1983 2306 ad
2019 2233 2238 2325 aliud,
2283 2233 2468 2306 sicut
2513 2234 2847 2307 videmus
2897 2234 3098 2308 clare
3136 2233 3210 2306 in

863 2355 1012 2428 istis
1065 2353 1316 2448 primis
1370 2353 1493 2445 qui
1551 2352 1665 2425 hic
1697 2344 1770 2444 (²)
1826 2353 2256 2446 puniuntur.
2295 2353 2476 2425 Nam
2534 2354 2898 2446 superbus
2948 2374 3210 2449 super-

862 2475 1040 2547 bum
1097 2478 1310 2548 vocat
1363 2473 1942 2568 magnanimum,
1982 2479 2053 2545 et
2098 2472 2450 2545 humilem
2505 2473 3073 2567 pusillanimum.
3119 2474 3209 2548 Et

861 2594 1063 2689 ponit
1112 2593 1493 2667 consilium
1547 2591 1820 2688 Virgilii
1888 2591 2083 2665 circa
2150 2592 2367 2664 istum
2438 2593 2851 2687 transitum,
2911 2593 3205 2668 dicens:

861 2718 916 2788 il
969 2719 1151 2789 duca
1219 2718 1385 2805 mi0,
1452 2713 1721 2787 scilicet
1771 2712 2135 2808 Virgilius,
2207 2705 2565 2804 commoto,
2620 2715 2897 2808 supple,
2965 2713 3209 2789 dicere

857 2836 1056 2929 mihi,
1111 2838 1230 2926 qui
1275 2839 1339 2907 si
1386 2837 1711 2907 conviene
1758 2854 1934 2906 usar
1997 2854 2092 2905 un
2133 2853 2316 2925 poco
2368 2836 2437 2905 d'
2464 2841 2643 2923 arte,
2694 2835 2865 2928 quia
2918 2835 3046 2907 ubi
3100 2841 3209 2910 est

854 2956 1095 3029 maius
1121 2956 1558 3050 periculum,
1590 2954 1684 3026 ibi
1712 2954 2000 3027 cautius
2037 2960 2146 3026 est
2183 2953 2595 3049 agendum3
2634 2962 2706 3028 et
2744 2975 2916 3030 ecce
2941 2962 3205 3049 artem,

851 3080 926 3148 in
977 3079 1362 3148 accostarsi
1411 3097 1500 3147 or
1551 3077 1792 3165 quincii
1841 3095 1930 3145 or
1980 3077 2210 3170 quinci
2276 3096 2324 3146 α
2387 3077 2555 3165 law,
2608 3075 2879 3151 scilicet
2929 3076 3204 3171 lapidiS,

852 3199 971 3268 che
1020 3198 1082 3266 si
1129 3203 1367 3287 parte,
1418 3194 1602 3268 idest
1656 3193 1929 3267 recedit
1980 3214 2021 3266 a
2076 3194 2370 3288 sponda.
2436 3195 2525 3267 Et
2589 3196 2706 3269 hic
2759 3203 2952 3290 nota,
3006 3195 3204 3290 quod

854 3322 1067 3409 poeta
1104 3313 1395 3387 videtur
1430 3314 1608 3387 dare
1642 3320 2090 3407 praeceptum
2131 3314 2327 3407 quod
2363 3314 2486 3388 dat
2512 3315 2931 3390 Aristoteles
2966 3316 3205 3411 primo

855 3434 1304 3527 Ethicorum,
1359 3433 1482 3506 ubi
1542 3433 1735 3526 dicit,
1790 3433 1987 3526 quod
2051 3434 2273 3507 homo
2336 3436 2587 3508 volens
2647 3435 2978 3510 invenire
3038 3455 3251 3521 me-,

852 3554 1056 3628 dium
1110 3554 1398 3627 virtutis
1450 3555 1663 3627 debet
1715 3555 1961 3627 facere
2003 3554 2190 3627 sicut
2226 3555 2477 3627 volens
2518 3555 2838 3651 dirigere
2891 3557 3201 3654 virgam,

855 3673 981 3767 qui
1033 3674 1254 3747 flectit
1304 3675 1533 3768 ipsam
1589 3675 1906 3746 multum
1971 3674 2042 3745 in
2106 3675 2549 3748 contrariam
2605 3683 2914 3770 partem,
2967 3682 3051 3749 ut
3101 3676 3205 3751 sic

855 3794 1161 3869 reducat
1212 3814 1378 3868 eam
1434 3795 1524 3867 ad
1579 3793 2116 3867 rectitudinem.
2179 3793 2267 3865 Et
2324 3795 2636 3868 ostendit
2698 3796 3201 3871 difficultatem

854 3915 991 3989 loci
1037 3936 1174 4009 per
1229 3936 1513 3988 moram
1570 3914 1942 4008 temporiS,
1989 3914 2161 4007 quia
2213 3916 2531 3987 multum
2571 3916 3082 4011 expenderunt
3112 3917 3205 3992 de

856 4043 1189 4131 tempore
1222 4036 1296 4109 in
1347 4035 1679 4109 faciendo
1716 4034 1908 4107 istud
1952 4034 2322 4107 modicum
2369 4035 2540 4129 viae3
2578 4042 2652 4109 et
2688 4037 2846 4109 vult
2879 4036 3206 4113 breviter

856 4156 1100 4229 dicere
1150 4156 1346 4249 quod
1400 4161 1762 4229 steterunt
1814 4155 2002 4228 bene
2059 4174 2189 4248 per
2242 4176 2468 4228 unam
2525 4156 2785 4230 horam
2837 4157 2910 4230 in
2965 4164 3207 4232 trans-

855 4276 1101 4349 eundo
1151 4276 1370 4348 istum
1424 4296 1719 4371 passum
1773 4276 2077 4369 fortem3
2135 4275 2330 4350 unde
2393 4277 2609 4350 diclt:
2680 4300 2717 4350 e
2782 4271 2890 4351 cio
2943 4283 3093 4373 fece
3146 4283 3209 4354 ἠ·

854 4401 1078 4470 nostri
1129 4401 1332 4489 passi
1404 4400 1653 4488 scarsi,
1726 4397 1901 4490 quia
1974 4399 2168 4471 lente
2235 4397 2757 4473 incedebamus
2833 4396 3204 4476 mutantes

979 4648 1033 4709 (¹)
1066 4648 1127 4698 Ε.
1161 4649 1514 4712 peregrinans·
1962 4648 2018 4713 (²)
2052 4650 2114 4701 E.
2148 4651 2237 4715 qui
2270 4652 2356 4703 hic
2388 4658 2653 4715 ponuntur
2685 4657 2739 4704 et
2771 4651 3077 4716 puniuntur.
