3704 5559
2748 512 2887 578 349

545 848 875 917 GANTUS
925 848 1311 915 DECIMUS
1358 850 1743 931 TERTIUS,
1778 853 1851 916 in
1887 873 2005 935 quo
2035 857 2268 918 tractat
2310 852 2387 917 de
2428 852 2761 934 ,spiritibus
2796 853 2899 917 in-

695 962 1084 1027 vidiosorum
1127 962 1291 1026 sutis
1333 963 1444 1043 filo
1488 963 1716 1044 ferreo,
1764 968 1823 1028 et
1866 964 2029 1029 sicut
2068 960 2311 1029 locutus
2340 968 2433 1028 est
2460 962 2712 1028 Παπίας
2756 982 2893 1028 cum

703 1071 911 1155 aliquo
957 1092 1170 1137 eorum
1213 1072 1362 1137 olim
1405 1070 1608 1155 Sapia
1652 1073 1729 1138 de
1773 1072 1973 1151 Senis,
2021 1094 2159 1156 quae
2202 1072 2401 1138 multa
2444 1074 2516 1137 in
2559 1073 2748 1137 simul
2793 1094 2894 1139 re-

703 1189 1100 1265 ceptaverunt
1161 1183 1238 1249 de
1302 1185 1423 1250 isto
1489 1186 1659 1264 vitio,
1730 1191 1789 1251 et
1855 1185 2017 1251 sicut
2079 1186 2228 1267 ipsa
2294 1184 2545 1270 royavit
2612 1184 2893 1250 Dantem

691 1299 1104 1376 precularum
1133 1314 1263 1376 pro
1305 1296 1471 1377 ipsa.

695 1529 950 1697 svm
980 1644 1315 1696 eravamo
1350 1626 1427 1695 al
1455 1643 1722 1694 sommo
1756 1626 1941 1695 della
1972 1627 2189 1696 scala.
2221 1625 2616 1717 Postquam
2653 1623 2727 1696 in
2762 1644 2891 1696 su-

548 1744 816 1838 periori
868 1743 1183 1838 capitulo
1237 1742 1573 1836 proxime
1624 1742 2060 1835 praecedenti
2112 1750 2326 1837 poeta
2363 1748 2609 1816 noster
2643 1742 2891 1817 docuit

552 1862 945 1937 refraenare
1013 1862 1431 1958 superbiam
1500 1862 1997 1956 multifariam,
2064 1870 2137 1938 et
2200 1862 2428 1937 finivit
2495 1868 2887 1937 tractatum

548 1983 934 2076 superbiae,
988 2002 1184 2056 nunc
1234 1988 1771 2075 consequenter
1821 1983 1973 2078 agit
2023 1988 2095 2057 et
2150 1988 2411 2057 tractat
2469 1983 2563 2057 de
2624 1980 2891 2056 invidia

549 2122 717 2196 quae
770 2107 1130 2197 purgatur
1179 2101 1254 2173 in
1307 2101 1628 2175 secundo
1672 2101 1969 2176 circulo.
2010 2104 2094 2175 Et
2135 2109 2371 2176 totum
2411 2122 2732 2197 praesens
2768 2122 2894 2175 ca-

551 2222 864 2317 pitulum
916 2220 1262 2294 dividitur
1297 2221 1368 2293 in
1407 2229 1555 2294 tres
1589 2227 1833 2314 partes
1868 2225 2271 2318 generales.
2311 2225 2390 2295 In
2425 2222 2661 2318 prima
2706 2241 2895 2315 qua-

553 2363 722 2414 rum
776 2347 990 2436 poeta
1040 2340 1384 2414 describit
1435 2340 1792 2415 subtiliter
1813 2334 1886 2434 (¹)
1936 2342 2129 2416 viam
2172 2343 2376 2416 istius
2410 2342 2707 2417 secundi
2749 2342 2895 2416 cir-

551 2462 717 2554 culi,
757 2467 830 2535 et
863 2461 1076 2535 docet
1111 2481 1531 2556 praecavere
1566 2460 1907 2534 invidiam
1946 2482 2076 2557 per
2122 2464 2458 2558 exempla
2491 2463 2890 2537 dilectionis

553 2589 630 2657 et
679 2582 997 2656 caritatis
1034 2580 1551 2654 contrariantia
1587 2580 1705 2653 illi.
1748 2581 1828 2654 ln
1863 2582 2181 2656 secunda
2217 2583 2557 2657 describit
2594 2603 2889 2676 poenam

552 2708 624 2777 et
673 2701 1184 2798 purgationem
1238 2700 1654 2773 invidorum
1709 2700 1783 2772 in
1834 2701 2185 2796 generali,
2226 2701 2360 2773 ibi:
2398 2707 2523 2774 Ma
2567 2704 2765 2794 ficca.
2809 2701 2890 2773 In

552 2823 764 2896 tertia
817 2828 891 2896 et
941 2821 1199 2894 ultima
1252 2820 1592 2894 describit
1642 2842 1878 2893 unum
1932 2821 2262 2916 spiritum
2320 2822 2757 2897 modernum
2817 2821 2891 2894 in

552 2942 872 3035 speciali,
925 2941 1135 3014 cuius
1188 2961 1394 3015 mens
1446 2940 1520 3013 in
1573 2941 1718 3015 vita
1771 2942 2117 3036 crepabat
2166 2941 2456 3036 invidia,
2507 2942 2644 3016 ibi:
2683 2949 2739 3015 A
2787 2964 2894 3015 me

540 3082 841 3153 pareva.
899 3060 1002 3133 Ad
1054 3061 1374 3154 primum
1439 3060 1738 3134 veniens
1787 3060 1974 3154 dim,
2040 3061 2236 3153 quod
2286 3068 2500 3155 poeta
2551 3060 2890 3135 describit

553 3183 792 3256 locum
832 3202 1005 3256 cum
1042 3180 1606 3255 circumstantiis
1647 3180 1817 3274 suis»,
1868 3181 1993 3254 sed
2028 3180 2268 3274 primo
2303 3180 2672 3275 praemittit
2713 3201 2893 3255 con-

552 3301 1028 3400 tinuationem
1084 3320 1294 3373 more
1346 3319 1525 3392 suo;
1580 3299 1751 3392 quia
1803 3300 2001 3374 enim
2056 3299 2128 3372 in
2182 3299 2326 3374 fine
2371 3300 2663 3395 capituli
2704 3322 2894 3395 prae-

553 3420 870 3495 cedentis
920 3419 1399 3514 descripserat
1450 3439 1835 3493 ascensum
1890 3418 1983 3493 ad
2035 3419 2439 3493 secundum
2506 3420 2893 3514 circulum,

552 3540 714 3614 ideo
766 3560 962 3614 nunc
1012 3539 1506 3613 continuative
1557 3538 1889 3631 ostendit,
1945 3538 2140 3631 quod
2193 3539 2347 3632 jam
2402 3546 2896 3632 pervenerant

555 3661 644 3734 ad
697 3660 916 3734 finem
981 3660 1171 3732 illius
1233 3679 1619 3752 ascensus;
1681 3659 1849 3732 dicit
1909 3678 2135 3753 ergo:
2205 3661 2342 3730 Noi
2406 3680 2745 3731 eravamo
2821 3663 2900 3732 al

553 3800 820 3852 sommo
871 3781 1054 3851 della
1102 3782 1324 3868 scala,
1378 3777 1668 3871 scilicet,
1706 3776 2045 3850 secundae
2098 3776 2558 3871 przescriptae,
2610 3779 2785 3848 dove
2833 3780 2896 3848 si

555 3902 807 3989 rileya,
862 3898 1065 3991 idest,
1129 3896 1548 3993 recingitur,
1602 3903 1675 3970 et
1729 3895 2108 3991 religatur,
2162 3898 2231 3967 lo
2291 3901 2542 3985 monte,
2596 3894 2891 3986 scilicet,

553 4018 980 4116 purgatorii,
1032 4021 1150 4090 che
1197 4020 1525 4107 dismala,
1574 4016 1757 4089 idest
1807 4021 2079 4110 purgat
2127 4036 2170 4088 a
2226 4015 2444 4107 malo,
2479 4014 2683 4107 idest,
2721 4033 2893 4107 pec-

554 4146 740 4231 cat0,
792 4141 1047 4231 altrui;
1097 4137 1289 4210 sicut
1339 4136 1531 4210 enim
1592 4135 1896 4208 morbus
1956 4133 2285 4228 corporis
2334 4139 2738 4229 generatur
2799 4152 2891 4206 ex

554 4257 1023 4351 corruptione
1077 4258 1506 4347 humorum,
1552 4254 1652 4328 ita
1690 4256 1997 4329 morbus
2030 4253 2253 4328 animi
2289 4274 2382 4327 ex
2419 4253 2895 4349 corruptione

556 4377 948 4471 vitiorum3
1002 4384 1075 4452 et
1126 4377 1340 4450 dicit:
1392 4378 1708 4465 salendO,
1773 4375 1948 4467 quia
2007 4374 2370 4470 gradatim
2431 4375 2890 4450 ascendendo

680 4635 737 4699 (¹)
769 4637 829 4686 E.
863 4636 1121 4687 subtiliter
1151 4635 1440 4694 materiam,
1475 4648 1563 4684 seu
1598 4634 1753 4684 viam.
