3704 5559
866 485 1006 551 428
1580 495 1988 551 GOMENTUM
2038 497 2477 551 PURGAToml

860 642 1111 737 Agnus
1161 643 1291 717 Dei
1342 643 1689 717 innocens
1740 641 2258 716 immaculatus
2308 642 2718 716 humillime
2751 644 3076 738 permisit
3115 666 3196 720 se

861 760 1028 836 duci
1078 761 1171 835 ad
1222 763 1594 837 victimam
1646 761 1739 836 ad
1788 762 2214 855 placandam
2279 763 2466 836 iram
2533 762 2769 836 Patris
2835 763 3203 838 invetera-

862 887 1011 954 tam
1064 902 1236 954 cum
1291 882 1647 978 sanguine
1698 901 1882 954 suo:
1935 880 2099 955 ideo
2150 881 2357 956 dicit:
2411 884 2530 954 che
2580 886 2641 953 le
2680 891 2971 974 peccata
3019 887 3197 974 leva,

863 1001 1131 1074 scilicet
1180 1001 1562 1074 hominum
1631 1022 1776 1074 non
1839 1021 2015 1095 sua,
2069 1006 2142 1075 et
2193 1001 2424 1097 tangit
2484 1001 2787 1075 modum
2853 1003 3194 1077 orationis

863 1140 1089 1212 quam
1159 1119 1571 1213 cantabant,
1634 1120 1916 1194 dicens:
1965 1142 2145 1212 pure
2193 1126 2437 1211 Aynus
2486 1124 2620 1194 Dei
2676 1143 2854 1194 eran
2921 1126 2981 1194 le
3044 1126 3198 1195 loro

863 1241 1173 1328 esordia,
1224 1238 1428 1331 idest,
1488 1239 1839 1334 principia
1891 1241 2253 1335 captantia
2305 1241 2912 1335 benevolentiam,
2965 1248 3041 1316 et
3089 1242 3199 1314 in-

863 1356 1201 1431 ducentia
1250 1358 1488 1432 Deum
1542 1357 1636 1431 ad
1685 1351 2403 1434 commiserationem
2438 1354 2533 1452 (¹).
2589 1360 2677 1433 Et
2726 1360 3006 1434 subdit:
3060 1383 3199 1434 una

851 1481 1119 1568 parola
1168 1498 1299 1550 era
1346 1481 1421 1550 in
1471 1482 1618 1551 tutti
1665 1501 1702 1551 e
1749 1500 1846 1551 un
1896 1482 2131 1571 mod0,
2185 1481 2357 1573 quia
2410 1487 2756 1574 quaerunt
2791 1502 2984 1555 unus
3019 1482 3197 1556 libe-

865 1597 1221 1672 rationem
1263 1598 1598 1691 ¹alteriuS‚
1635 1598 1762 1672 ubi
1804 1600 2236 1692 quaerebant
2268 1599 2837 1673 destructionem
2892 1600 2964 1672 in
3017 1600 3195 1693 vita3

860 1718 1055 1792 unde
1106 1718 1310 1793 dicit:
1347 1711 1408 1790 si
1441 1720 1559 1790 che
1584 1740 1816 1810 parea
1849 1725 1967 1791 tra
2006 1740 2151 1791 esse
2183 1722 2352 1809 oqui
2389 1723 2770 1793 concordia
2783 1747 2814 1813 ,·
2857 1720 2983 1793 ubi
3024 1721 3196 1794 olim

858 1845 1067 1912 erant
1119 1838 1311 1914 inter
1360 1860 1440 1913 se
1491 1839 1882 1933 discordeS,
1918 1839 2069 1913 imo
2121 1839 2285 1913 irati
2322 1846 2493 1912 sunt
2534 1847 3027 1935 repugnantes
3067 1840 3195 1913 sibi

858 1956 1044 2052 ipsis
1101 1958 1375 2033 Deinde
1425 1966 1639 2053 poeta
1689 1959 2000 2034 ostendit
2052 1959 2425 2053 quomodo
2476 1959 2979 2033 certioraverit
3009 1950 3080 2050 (²)
3116 1978 3198 2033 se

804 2107 811 2114 ·
856 2076 948 2150 de
1000 2077 1149 2150 istis
1200 2084 1275 2151 et
1325 2097 1588 2151 eorum
1657 2078 2117 2174 purgatione,
2171 2078 2463 2152 dicens:
2526 2080 2691 2151 diss'
2718 2081 2812 2169 io,
2866 2085 3195 2170 maeslro,

858 2217 904 2269 o
954 2195 1225 2292 Virgili,
1281 2200 1435 2286 quei
1490 2219 1664 2270 sono
1725 2200 1930 2289 spirci
1986 2200 2107 2270 cloe
2173 2201 2338 2289 odo,
2392 2219 2576 2292 quos
2642 2219 3003 2295 cognosco
3066 2220 3196 2295 per

858 2315 1109 2408 verba,
1147 2315 1313 2389 licet
1366 2337 1511 2389 non
1549 2317 1832 2391 videam
1870 2338 2018 2391 eoS.
2055 2319 2145 2392 Et
2178 2318 2408 2415 tangit
2452 2319 2997 2412 responsionem
3034 2320 3196 2393 Vir-

859 2434 1030 2531 gilii,
1082 2433 1361 2509 dicens:
1414 2442 1482 2508 et
1526 2439 1639 2509 elli
1689 2457 1736 2508 a
1785 2459 1918 2528 me,
1970 2438 2262 2532 scilicet,
2304 2438 2646 2534 Virgilius
2682 2438 2884 2532 dixit,
2920 2447 2995 2512 cu
3029 2460 3191 2512 vero

858 2558 1230 2646 apprendi,
1282 2555 1576 2649 scilicet,
1628 2557 1825 2649 quod
1876 2557 2014 2629 sint
2065 2558 2379 2651 spirituS,
2424 2557 2549 2631 sed
2602 2563 2849 2631 tamen
2902 2558 3192 2653 ignoras

856 2675 984 2768 qui
1034 2675 1197 2768 sint,
1250 2675 1376 2749 sed
1428 2674 1664 2749 dicam
1718 2676 1867 2769 tibi,
1920 2699 1957 2749 e
2021 2680 2088 2750 d’
2112 2679 2484 2751 iracondia
2546 2697 2687 2749 van
2750 2680 3082 2751 solvendo
3142 2680 3196 2751 il

853 2800 1067 2888 nodo,
1119 2796 1324 2890 idest,
1375 2796 1651 2870 vadunt
1702 2798 2049 2872 solvendo
2101 2804 2175 2871 et
2224 2797 2599 2872 liberando
2651 2818 2732 2872 se
2781 2819 2914 2892 per
2960 2799 3191 2894 poeni-

852 2918 1152 2993 tentiam
1206 2917 1300 2990 ab
1352 2916 1749 3011 iracundia,
1805 2939 1972 3010 quae
2023 2939 2203 2993 vere
2253 2925 2363 2992 est
2414 2917 2614 2992 sortis
2674 2918 2910 2992 nodus
2961 2920 3191 3016 ligans

851 3038 1249 3129 hominem,
1303 3037 1403 3110 ita
1455 3037 1652 3129 quod
1704 3057 1851 3110 non
1902 3038 2124 3112 habet
2156 3038 2566 3112 libertatem
2604 3037 2739 3132 sui,
2784 3046 2857 3112 et
2898 3046 3008 3114 est
3043 3040 3190 3114 ira-

850 3157 1113 3231 cundia
1166 3156 1277 3228 ira
1327 3155 1755 3230 inveterata.

1008 3279 1110 3346 Or
1161 3281 1232 3345 cu
1282 3276 1392 3346 chi
1438 3276 1554 3346 se’.
1607 3275 1749 3347 Ista
1802 3279 1913 3348 est
1953 3275 2274 3350 secunda
2307 3296 2477 3370 pars
2510 3278 2893 3372 generalis,
2927 3278 2999 3350 in
3034 3298 3182 3371 qua

848 3397 1063 3486 poeta
1116 3396 1362 3464 noster
1412 3391 1805 3466 introducit
1857 3414 2091 3467 unum
2145 3395 2592 3491 singularem
2640 3397 2974 3491 spiritum
3028 3417 3186 3471 mo-

848 3510 1165 3584 dernum
1219 3518 1658 3606 purgantem
1711 3513 2162 3588 iracundiam
2216 3536 2454 3609 suam,
2491 3516 2617 3610 qui
2660 3516 2978 3590 sentiens
3010 3537 3185 3612 poe-

848 3636 996 3703 tam
1051 3630 1303 3705 vivum
1358 3632 1535 3726 petit
1584 3633 1679 3706 ab
1729 3652 1821 3707 eo
1871 3654 2044 3708 cum
2096 3634 2577 3709 admiratione
2629 3635 2790 3729 quis
2841 3636 2949 3707 sit.
3004 3636 3185 3711 Dicit

847 3771 1062 3848 ergo:
1124 3743 1279 3824 cosi
1309 3773 1442 3843 per
1490 3772 1634 3825 una
1684 3774 1873 3845 voce,
1908 3753 2043 3828 ista
2094 3775 2238 3829 vox
2290 3760 2449 3829 erat
2499 3755 2718 3828 Marci
2770 3755 3181 3851 Lombardi,

843 3872 1024 3944 detto
1068 3874 1191 3964 fu.-
1242 3893 1332 3944 or
1381 3878 1452 3945 tu
1500 3875 1609 3945 chi
1653 3875 1775 3964 se’,
1827 3873 1953 3967 qui
2005 3872 2180 3948 dicis
2232 3895 2363 3948 nos
2414 3894 2574 3949 esse
2626 3874 2942 3969 spiritus,
2978 3883 3050 3948 et
3084 3875 3185 3950 sic

844 4010 990 4064 non
1040 3990 1308 4065 videris
1359 4011 1519 4065 esse
1559 3991 1875 4086 spiritus,
1911 3996 2031 4066 che
2054 3997 2105 4066 ’l
2134 4002 2378 4067 nostro
2407 3998 2604 4088 fumo
2630 3996 2852 4087 sendi,
2888 3995 3180 4090 scilicet,

840 4130 1016 4183 cum
1066 4131 1399 4206 corpore,
1438 4110 1635 4205 quod
1685 4111 1933 4186 caeteri
1983 4112 2276 4207 spiritus
2329 4135 2474 4189 non
2527 4113 2821 4208 faciunt,
2865 4136 2903 4186 e
2942 4117 3017 4188 di
3065 4119 3186 4188 noi

830 4234 1052 4321 parli,
1103 4235 1500 4324 antequam
1531 4222 1605 4324 (3)
1661 4239 2023 4327 mortuus,
2061 4255 2204 4325 pur
2252 4238 2541 4308 siccome
2589 4241 2661 4308 tu
2699 4237 2999 4326 partissi
3046 4257 3181 4308 an-

836 4369 1011 4421 cora
1057 4352 1113 4422 il
1160 4356 1380 4441 tempo
1424 4373 1556 4442 per
1606 4355 1939 4425 calendi?
1986 4354 2207 4441 Quasi
2258 4354 2471 4448 dicat,
2523 4354 2727 4428 velut
2776 4353 2836 4427 si
2890 4354 3178 4430 viveres

962 4534 1016 4595 (¹)
1052 4537 1158 4594 11⁷,
1190 4534 1594 4586 misericordiam
1626 4540 1680 4586 et
1709 4540 2114 4591 miserationem·
2364 4539 2420 4602 (⁸)
2451 4540 2512 4591 Ε.
2547 4540 2894 4592 certioratum
2926 4551 2999 4589 se.

962 4610 1017 4674 (⁸)
1049 4610 1109 4661 Ε.
1144 4615 1407 4676 tamquam
1438 4616 1697 4664 mortuus.
