<?xml version="1.0" encoding="UTF-8"?>
<!DOCTYPE html PUBLIC "-//W3C//DTD XHTML 1.0 Transitional//EN"
    "http://www.w3.org/TR/xhtml1/DTD/xhtml1-transitional.dtd">
<html xmlns="http://www.w3.org/1999/xhtml" xml:lang="en" lang="en">
 <head>
  <title>
</title>
<meta http-equiv="Content-Type" content="text/html;charset=utf-8" />
  <meta name='ocr-system' content='tesseract 3.04.00' />
  <meta name='ocr-capabilities' content='ocr_page ocr_carea ocr_par ocr_line ocrx_word'/>
</head>
<body>
  <div class='ocr_page' id='page_1' title='image "benvenutideramb00lacagoog_0356.png"; bbox 0 0 3704 5559; ppageno 0'>
   <div class='ocr_carea' id='block_1_1' title="bbox 825 476 2443 543">
    <p class='ocr_par' dir='ltr' id='par_1_1' title="bbox 825 476 2443 543">
     <span class='ocr_line' id='line_1_1' title="bbox 825 476 2443 543; baseline -0.006 0"><span class='ocrx_word' id='word_1_1' title='bbox 825 476 967 543; x_wconf 81' lang='lat'>344</span> <span class='ocrx_word' id='word_1_2' title='bbox 1542 481 1952 535; x_wconf 73' lang='lat' dir='ltr'>coMENTUM</span> <span class='ocrx_word' id='word_1_3' title='bbox 2001 482 2443 536; x_wconf 60' lang='lat' dir='ltr'>punem-ona</span> 
     </span>
    </p>
   </div>
   <div class='ocr_carea' id='block_1_2' title="bbox 805 627 3165 4441">
    <p class='ocr_par' dir='ltr' id='par_1_2' title="bbox 805 627 3165 4441">
     <span class='ocr_line' id='line_1_2' title="bbox 819 627 3162 723; baseline -0.002 -15"><span class='ocrx_word' id='word_1_4' title='bbox 819 635 1007 708; x_wconf 80' lang='lat' dir='ltr'>fecta</span> <span class='ocrx_word' id='word_1_5' title='bbox 1058 628 1526 722; x_wconf 88' lang='lat' dir='ltr'>beatitudine,</span> <span class='ocrx_word' id='word_1_6' title='bbox 1563 627 1749 701; x_wconf 92' lang='lat' dir='ltr'>sicut</span> <span class='ocrx_word' id='word_1_7' title='bbox 1790 628 1947 722; x_wconf 90' lang='lat' dir='ltr'>jam</span> <span class='ocrx_word' id='word_1_8' title='bbox 1999 628 2253 721; x_wconf 90' lang='lat' dir='ltr'>pulcre</span> <span class='ocrx_word' id='word_1_9' title='bbox 2303 633 2522 702; x_wconf 89' lang='lat' dir='ltr'>autor</span> <span class='ocrx_word' id='word_1_10' title='bbox 2567 628 2745 701; x_wconf 85' lang='lat' dir='ltr'>dixit</span> <span class='ocrx_word' id='word_1_11' title='bbox 2778 649 2997 723; x_wconf 90' lang='lat' dir='ltr'>supra</span> <span class='ocrx_word' id='word_1_12' title='bbox 3034 650 3162 703; x_wconf 91' lang='lat' dir='ltr'>ca-</span> 
     </span>
     <span class='ocr_line' id='line_1_3' title="bbox 817 747 3165 848; baseline -0.001 -23"><span class='ocrx_word' id='word_1_13' title='bbox 817 753 1045 848; x_wconf 90' lang='lat' dir='ltr'>pitulo</span> <span class='ocrx_word' id='word_1_14' title='bbox 1097 751 1163 823; x_wconf 92' lang='lat' dir='ltr'>X</span> <span class='ocrx_word' id='word_1_15' title='bbox 1212 750 1407 824; x_wconf 91' lang='lat' dir='ltr'>circa</span> <span class='ocrx_word' id='word_1_16' title='bbox 1461 748 1704 839; x_wconf 85' lang='lat' dir='ltr'>finem,</span> <span class='ocrx_word' id='word_1_17' title='bbox 1762 747 1888 820; x_wconf 93' lang='lat' dir='ltr'>ubi</span> <span class='ocrx_word' id='word_1_18' title='bbox 1952 747 2172 820; x_wconf 86' lang='lat' dir='ltr'>dixit:</span> <span class='ocrx_word' id='word_1_19' title='bbox 2227 751 2393 822; x_wconf 77' lang='lat' dir='ltr'>Nati</span> <span class='ocrx_word' id='word_1_20' title='bbox 2442 769 2491 819; x_wconf 90' lang='grc' dir='ltr'><em>α</em></span> <span class='ocrx_word' id='word_1_21' title='bbox 2534 751 2823 840; x_wconf 86' lang='lat' dir='ltr'>sormar</span> <span class='ocrx_word' id='word_1_22' title='bbox 2873 751 2918 821; x_wconf 87' lang='lat' dir='ltr'>l’</span> <span class='ocrx_word' id='word_1_23' title='bbox 2944 770 3165 842; x_wconf 74' lang='lat' dir='ltr'>anye-</span> 
     </span>
     <span class='ocr_line' id='line_1_4' title="bbox 816 862 3164 966; baseline 0.001 -20"><span class='ocrx_word' id='word_1_24' title='bbox 816 877 950 946; x_wconf 84' lang='lat' dir='ltr'>lica</span> <span class='ocrx_word' id='word_1_25' title='bbox 994 874 1323 965; x_wconf 86' lang='lat' dir='ltr'>sarsalla,</span> <span class='ocrx_word' id='word_1_26' title='bbox 1352 911 1449 923; x_wconf 92' lang='lat'>—</span> <span class='ocrx_word' id='word_1_27' title='bbox 1468 862 1723 962; x_wconf 67' lang='lat' dir='ltr'>perche*</span> <span class='ocrx_word' id='word_1_28' title='bbox 1769 889 1816 939; x_wconf 88' lang='lat' dir='ltr'>a</span> <span class='ocrx_word' id='word_1_29' title='bbox 1861 889 2041 960; x_wconf 83' lang='lat' dir='ltr'>poco</span> <span class='ocrx_word' id='word_1_30' title='bbox 2096 876 2321 960; x_wconf 75' lang='grc' dir='ltr'>υθηίο,</span> <span class='ocrx_word' id='word_1_31' title='bbox 2380 869 2716 963; x_wconf 70' lang='lat' dir='ltr'>superbae</span> <span class='ocrx_word' id='word_1_32' title='bbox 2776 870 3026 966; x_wconf 84' lang='lat' dir='ltr'>gloriae</span> <span class='ocrx_word' id='word_1_33' title='bbox 3084 883 3164 948; x_wconf 90' lang='lat' dir='ltr'>et</span> 
     </span>
     <span class='ocr_line' id='line_1_5' title="bbox 818 982 3158 1085; baseline -0.001 -18"><span class='ocrx_word' id='word_1_34' title='bbox 818 1012 1027 1067; x_wconf 86' lang='lat' dir='ltr'>vanae</span> <span class='ocrx_word' id='word_1_35' title='bbox 1078 988 1594 1085; x_wconf 83' lang='lat' dir='ltr'>prosperitatiS,</span> <span class='ocrx_word' id='word_1_36' title='bbox 1636 982 1777 1061; x_wconf 70' lang='lat' dir='ltr'>cosi</span> <span class='ocrx_word' id='word_1_37' title='bbox 1809 991 2025 1062; x_wconf 82' lang='lat' dir='ltr'>cadi?</span> <span class='ocrx_word' id='word_1_38' title='bbox 2073 989 2168 1062; x_wconf 89' lang='lat' dir='ltr'>ab</span> <span class='ocrx_word' id='word_1_39' title='bbox 2220 989 2601 1062; x_wconf 82' lang='lat' dir='ltr'>altitudine</span> <span class='ocrx_word' id='word_1_40' title='bbox 2653 994 2801 1062; x_wconf 89' lang='lat' dir='ltr'>tua.</span> <span class='ocrx_word' id='word_1_41' title='bbox 2837 990 2924 1062; x_wconf 94' lang='lat' dir='ltr'>Et</span> <span class='ocrx_word' id='word_1_42' title='bbox 2959 991 3158 1084; x_wconf 92' lang='lat' dir='ltr'>ponit</span> 
     </span>
     <span class='ocr_line' id='line_1_6' title="bbox 818 1108 3163 1204; baseline -0.001 -16"><span class='ocrx_word' id='word_1_43' title='bbox 818 1112 1161 1188; x_wconf 86' lang='lat' dir='ltr'>effectum</span> <span class='ocrx_word' id='word_1_44' title='bbox 1214 1108 1431 1183; x_wconf 90' lang='lat' dir='ltr'>huius</span> <span class='ocrx_word' id='word_1_45' title='bbox 1466 1108 1799 1204; x_wconf 77' lang='lat' dir='ltr'>benignae</span> <span class='ocrx_word' id='word_1_46' title='bbox 1835 1108 2295 1202; x_wconf 82' lang='lat' dir='ltr'>invitationiS‚</span> <span class='ocrx_word' id='word_1_47' title='bbox 2330 1109 2614 1183; x_wconf 87' lang='lat' dir='ltr'>dicens:</span> <span class='ocrx_word' id='word_1_48' title='bbox 2654 1114 2989 1202; x_wconf 74' lang='lat' dir='ltr'>Menoec-i,</span> <span class='ocrx_word' id='word_1_49' title='bbox 3041 1110 3163 1187; x_wconf 88' lang='lat' dir='ltr'>ille</span> 
     </span>
     <span class='ocr_line' id='line_1_7' title="bbox 817 1229 3162 1327; baseline -0.001 -21"><span class='ocrx_word' id='word_1_50' title='bbox 817 1231 1124 1327; x_wconf 84' lang='lat' dir='ltr'><strong>angelus</strong></span> <span class='ocrx_word' id='word_1_51' title='bbox 1178 1230 1429 1303; x_wconf 85' lang='lat' dir='ltr'>volans</span> <span class='ocrx_word' id='word_1_52' title='bbox 1479 1237 1649 1302; x_wconf 90' lang='lat' dir='ltr'>ante</span> <span class='ocrx_word' id='word_1_53' title='bbox 1699 1249 1857 1322; x_wconf 82' lang='lat' dir='ltr'>noS‚</span> <span class='ocrx_word' id='word_1_54' title='bbox 1908 1250 2036 1300; x_wconf 83' lang='lat' dir='ltr'>ove</span> <span class='ocrx_word' id='word_1_55' title='bbox 2094 1232 2165 1301; x_wconf 86' lang='lat' dir='ltr'>la</span> <span class='ocrx_word' id='word_1_56' title='bbox 2227 1232 2491 1317; x_wconf 84' lang='lat' dir='ltr'>roccia,</span> <span class='ocrx_word' id='word_1_57' title='bbox 2544 1229 2746 1322; x_wconf 89' lang='lat' dir='ltr'>idest,</span> <span class='ocrx_word' id='word_1_58' title='bbox 2800 1229 2982 1325; x_wconf 87' lang='lat' dir='ltr'>ripa,</span> <span class='ocrx_word' id='word_1_59' title='bbox 3032 1252 3162 1304; x_wconf 84' lang='lat' dir='ltr'>era</span> 
     </span>
     <span class='ocr_line' id='line_1_8' title="bbox 821 1349 3161 1444; baseline -0 -19"><span class='ocrx_word' id='word_1_60' title='bbox 821 1354 1138 1444; x_wconf 74' lang='lat' dir='ltr'>tayliata,</span> <span class='ocrx_word' id='word_1_61' title='bbox 1190 1350 1263 1422; x_wconf 91' lang='lat' dir='ltr'>in</span> <span class='ocrx_word' id='word_1_62' title='bbox 1318 1349 1618 1423; x_wconf 93' lang='lat' dir='ltr'>modum</span> <span class='ocrx_word' id='word_1_63' title='bbox 1672 1350 2079 1442; x_wconf 82' lang='lat' dir='ltr'>scalarum3</span> <span class='ocrx_word' id='word_1_64' title='bbox 2146 1353 2333 1439; x_wconf 80' lang='lat' dir='ltr'>quivi</span> <span class='ocrx_word' id='word_1_65' title='bbox 2383 1353 2477 1421; x_wconf 81' lang='lat' dir='ltr'>mi</span> <span class='ocrx_word' id='word_1_66' title='bbox 2522 1350 2748 1422; x_wconf 76' lang='lat' dir='ltr'>balteo</span> <span class='ocrx_word' id='word_1_67' title='bbox 2816 1353 2861 1423; x_wconf 87' lang='lat' dir='ltr'>l&#39;</span> <span class='ocrx_word' id='word_1_68' title='bbox 2887 1354 2988 1425; x_wconf 79' lang='lat' dir='ltr'>ali</span> <span class='ocrx_word' id='word_1_69' title='bbox 3025 1371 3161 1444; x_wconf 78' lang='lat' dir='ltr'>per</span> 
     </span>
     <span class='ocr_line' id='line_1_9' title="bbox 821 1468 3163 1567; baseline 0 -21"><span class='ocrx_word' id='word_1_70' title='bbox 821 1477 895 1546; x_wconf 89' lang='lat' dir='ltr'>la</span> <span class='ocrx_word' id='word_1_71' title='bbox 937 1475 1196 1564; x_wconf 82' lang='lat' dir='ltr'>fronte,</span> <span class='ocrx_word' id='word_1_72' title='bbox 1249 1475 1323 1545; x_wconf 93' lang='lat' dir='ltr'>et</span> <span class='ocrx_word' id='word_1_73' title='bbox 1372 1469 1641 1543; x_wconf 82' lang='lat' dir='ltr'>abrasit</span> <span class='ocrx_word' id='word_1_74' title='bbox 1677 1468 1715 1510; x_wconf 89' lang='lat'>*</span> <span class='ocrx_word' id='word_1_75' title='bbox 1744 1470 2065 1564; x_wconf 85' lang='lat' dir='ltr'>primum</span> <span class='ocrx_word' id='word_1_76' title='bbox 2120 1471 2173 1542; x_wconf 91' lang='lat' dir='ltr'>P</span> <span class='ocrx_word' id='word_1_77' title='bbox 2225 1492 2269 1543; x_wconf 91' lang='lat' dir='ltr'>a</span> <span class='ocrx_word' id='word_1_78' title='bbox 2308 1471 2489 1544; x_wconf 80' lang='lat' dir='ltr'>facie</span> <span class='ocrx_word' id='word_1_79' title='bbox 2526 1492 2729 1564; x_wconf 84' lang='lat' dir='ltr'>mea3</span> <span class='ocrx_word' id='word_1_80' title='bbox 2769 1471 2950 1546; x_wconf 89' lang='lat' dir='ltr'>idest</span> <span class='ocrx_word' id='word_1_81' title='bbox 2986 1494 3163 1567; x_wconf 89' lang='lat' dir='ltr'>pur-</span> 
     </span>
     <span class='ocr_line' id='line_1_10' title="bbox 820 1583 3160 1688; baseline 0 -25"><span class='ocrx_word' id='word_1_82' title='bbox 820 1590 1083 1688; x_wconf 83' lang='lat' dir='ltr'>gavit*</span> <span class='ocrx_word' id='word_1_83' title='bbox 1126 1583 1201 1681; x_wconf 81' lang='lat'>(¹)</span> <span class='ocrx_word' id='word_1_84' title='bbox 1277 1590 1596 1683; x_wconf 89' lang='lat' dir='ltr'>primum</span> <span class='ocrx_word' id='word_1_85' title='bbox 1675 1596 2101 1683; x_wconf 81' lang='lat' dir='ltr'>peccatum3</span> <span class='ocrx_word' id='word_1_86' title='bbox 2156 1610 2305 1682; x_wconf 89' lang='lat' dir='ltr'>quo</span> <span class='ocrx_word' id='word_1_87' title='bbox 2384 1589 2594 1682; x_wconf 83' lang='lat' dir='ltr'>sacto,</span> <span class='ocrx_word' id='word_1_88' title='bbox 2660 1592 2785 1681; x_wconf 83' lang='lat' dir='ltr'>poi</span> <span class='ocrx_word' id='word_1_89' title='bbox 2843 1592 2939 1662; x_wconf 82' lang='lat' dir='ltr'>mi</span> <span class='ocrx_word' id='word_1_90' title='bbox 2979 1611 3160 1685; x_wconf 85' lang='lat' dir='ltr'>pro-</span> 
     </span>
     <span class='ocr_line' id='line_1_11' title="bbox 821 1708 3161 1802; baseline 0.001 -18"><span class='ocrx_word' id='word_1_91' title='bbox 821 1715 988 1784; x_wconf 83' lang='lat' dir='ltr'>mise</span> <span class='ocrx_word' id='word_1_92' title='bbox 1036 1714 1272 1782; x_wconf 80' lang='lat' dir='ltr'>sicura</span> <span class='ocrx_word' id='word_1_93' title='bbox 1323 1712 1367 1780; x_wconf 88' lang='lat' dir='ltr'>l’</span> <span class='ocrx_word' id='word_1_94' title='bbox 1395 1712 1662 1782; x_wconf 76' lang='lat' dir='ltr'>andala</span> <span class='ocrx_word' id='word_1_95' title='bbox 1677 1735 1706 1801; x_wconf 88' lang='grc'>,·</span> <span class='ocrx_word' id='word_1_96' title='bbox 1760 1708 1932 1801; x_wconf 90' lang='lat' dir='ltr'>quia</span> <span class='ocrx_word' id='word_1_97' title='bbox 1982 1709 2207 1782; x_wconf 84' lang='lat' dir='ltr'>dixit:</span> <span class='ocrx_word' id='word_1_98' title='bbox 2263 1709 2360 1783; x_wconf 93' lang='lat' dir='ltr'>ite</span> <span class='ocrx_word' id='word_1_99' title='bbox 2418 1730 2702 1802; x_wconf 89' lang='lat' dir='ltr'>secure,</span> <span class='ocrx_word' id='word_1_100' title='bbox 2766 1717 2839 1784; x_wconf 92' lang='lat' dir='ltr'>et</span> <span class='ocrx_word' id='word_1_101' title='bbox 2898 1710 3161 1786; x_wconf 88' lang='lat' dir='ltr'>intrate</span> 
     </span>
     <span class='ocr_line' id='line_1_12' title="bbox 819 1828 3160 1924; baseline -0 -19"><span class='ocrx_word' id='word_1_102' title='bbox 819 1830 1222 1905; x_wconf 90' lang='lat' dir='ltr'>secundum</span> <span class='ocrx_word' id='word_1_103' title='bbox 1277 1829 1638 1903; x_wconf 91' lang='lat' dir='ltr'>circulum</span> <span class='ocrx_word' id='word_1_104' title='bbox 1691 1828 2000 1921; x_wconf 86' lang='lat' dir='ltr'>invidiae,</span> <span class='ocrx_word' id='word_1_105' title='bbox 2053 1850 2221 1922; x_wconf 83' lang='lat' dir='ltr'>quae</span> <span class='ocrx_word' id='word_1_106' title='bbox 2275 1836 2384 1903; x_wconf 93' lang='lat' dir='ltr'>est</span> <span class='ocrx_word' id='word_1_107' title='bbox 2417 1829 2558 1903; x_wconf 88' lang='lat' dir='ltr'>alia</span> <span class='ocrx_word' id='word_1_108' title='bbox 2598 1829 2737 1904; x_wconf 86' lang='lat' dir='ltr'>filia</span> <span class='ocrx_word' id='word_1_109' title='bbox 2774 1830 3160 1924; x_wconf 60' lang='lat' dir='ltr'>superbiae,</span> 
     </span>
     <span class='ocr_line' id='line_1_13' title="bbox 818 1948 3156 2045; baseline -0.002 -20"><span class='ocrx_word' id='word_1_110' title='bbox 818 1952 991 2045; x_wconf 91' lang='lat' dir='ltr'>quia</span> <span class='ocrx_word' id='word_1_111' title='bbox 1063 1949 1498 2044; x_wconf 89' lang='lat' dir='ltr'>impossibile</span> <span class='ocrx_word' id='word_1_112' title='bbox 1567 1955 1676 2022; x_wconf 94' lang='lat' dir='ltr'>est</span> <span class='ocrx_word' id='word_1_113' title='bbox 1741 1948 1919 2041; x_wconf 89' lang='lat' dir='ltr'>quin</span> <span class='ocrx_word' id='word_1_114' title='bbox 1988 1949 2351 2043; x_wconf 89' lang='lat' dir='ltr'>superbus</span> <span class='ocrx_word' id='word_1_115' title='bbox 2415 1949 2750 2023; x_wconf 89' lang='lat' dir='ltr'>invideat.</span> <span class='ocrx_word' id='word_1_116' title='bbox 2789 1990 2889 2003; x_wconf 94' lang='lat'>—</span> <span class='ocrx_word' id='word_1_117' title='bbox 2933 1954 3156 2024; x_wconf 82' lang='lat' dir='ltr'>Come.</span> 
     </span>
     <span class='ocr_line' id='line_1_14' title="bbox 818 2067 3160 2163; baseline -0 -20"><span class='ocrx_word' id='word_1_118' title='bbox 818 2073 1028 2144; x_wconf 92' lang='lat' dir='ltr'>Nunc</span> <span class='ocrx_word' id='word_1_119' title='bbox 1076 2075 1289 2163; x_wconf 88' lang='lat' dir='ltr'>poeta</span> <span class='ocrx_word' id='word_1_120' title='bbox 1340 2068 1681 2142; x_wconf 83' lang='lat' dir='ltr'>describit</span> <span class='ocrx_word' id='word_1_121' title='bbox 1732 2067 1971 2161; x_wconf 86' lang='lat' dir='ltr'>ipsum</span> <span class='ocrx_word' id='word_1_122' title='bbox 2016 2089 2399 2141; x_wconf 92' lang='lat' dir='ltr'>ascensum</span> <span class='ocrx_word' id='word_1_123' title='bbox 2443 2068 2535 2141; x_wconf 95' lang='lat' dir='ltr'>ad</span> <span class='ocrx_word' id='word_1_124' title='bbox 2570 2070 2977 2144; x_wconf 88' lang='lat' dir='ltr'>secundum</span> <span class='ocrx_word' id='word_1_125' title='bbox 3011 2069 3160 2145; x_wconf 89' lang='lat' dir='ltr'>cir-</span> 
     </span>
     <span class='ocr_line' id='line_1_15' title="bbox 823 2187 3157 2283; baseline -0.001 -19"><span class='ocrx_word' id='word_1_126' title='bbox 823 2190 1073 2264; x_wconf 91' lang='lat' dir='ltr'>culum</span> <span class='ocrx_word' id='word_1_127' title='bbox 1104 2209 1235 2281; x_wconf 91' lang='lat' dir='ltr'>per</span> <span class='ocrx_word' id='word_1_128' title='bbox 1274 2207 1494 2259; x_wconf 91' lang='lat' dir='ltr'>unam</span> <span class='ocrx_word' id='word_1_129' title='bbox 1527 2187 2147 2280; x_wconf 82' lang='lat' dir='ltr'>comparationem</span> <span class='ocrx_word' id='word_1_130' title='bbox 2183 2188 2655 2262; x_wconf 81' lang='lat' dir='ltr'>domesticam</span> <span class='ocrx_word' id='word_1_131' title='bbox 2696 2189 2947 2283; x_wconf 73' lang='lat' dir='ltr'>patriae</span> <span class='ocrx_word' id='word_1_132' title='bbox 2982 2210 3157 2264; x_wconf 84' lang='lat' dir='ltr'>suae.</span> 
     </span>
     <span class='ocr_line' id='line_1_16' title="bbox 822 2305 3165 2402; baseline -0 -19"><span class='ocrx_word' id='word_1_133' title='bbox 822 2309 929 2383; x_wconf 82' lang='lat' dir='ltr'>Ad</span> <span class='ocrx_word' id='word_1_134' title='bbox 980 2308 1191 2381; x_wconf 91' lang='lat' dir='ltr'>cuius</span> <span class='ocrx_word' id='word_1_135' title='bbox 1243 2305 1787 2402; x_wconf 84' lang='lat' dir='ltr'>intelligentiam</span> <span class='ocrx_word' id='word_1_136' title='bbox 1841 2305 2063 2379; x_wconf 87' lang='lat' dir='ltr'>debes</span> <span class='ocrx_word' id='word_1_137' title='bbox 2116 2306 2351 2400; x_wconf 90' lang='lat' dir='ltr'>primo</span> <span class='ocrx_word' id='word_1_138' title='bbox 2404 2308 2613 2402; x_wconf 88' lang='lat' dir='ltr'>scire,</span> <span class='ocrx_word' id='word_1_139' title='bbox 2666 2309 2863 2402; x_wconf 87' lang='lat' dir='ltr'>quod</span> <span class='ocrx_word' id='word_1_140' title='bbox 2927 2310 2999 2382; x_wconf 94' lang='lat' dir='ltr'>in</span> <span class='ocrx_word' id='word_1_141' title='bbox 3061 2309 3165 2385; x_wconf 92' lang='lat' dir='ltr'>ci-</span> 
     </span>
     <span class='ocr_line' id='line_1_17' title="bbox 824 2425 3158 2503; baseline -0 0"><span class='ocrx_word' id='word_1_142' title='bbox 824 2430 1048 2503; x_wconf 86' lang='lat' dir='ltr'>vitate</span> <span class='ocrx_word' id='word_1_143' title='bbox 1097 2425 1485 2500; x_wconf 84' lang='lat' dir='ltr'>Florentiae</span> <span class='ocrx_word' id='word_1_144' title='bbox 1523 2426 1713 2498; x_wconf 92' lang='lat' dir='ltr'>ultra</span> <span class='ocrx_word' id='word_1_145' title='bbox 1749 2425 2030 2498; x_wconf 85' lang='lat' dir='ltr'>Arnum</span> <span class='ocrx_word' id='word_1_146' title='bbox 2069 2434 2277 2499; x_wconf 88' lang='lat' dir='ltr'>extra</span> <span class='ocrx_word' id='word_1_147' title='bbox 2319 2428 2587 2501; x_wconf 89' lang='lat' dir='ltr'>moenia</span> <span class='ocrx_word' id='word_1_148' title='bbox 2623 2427 2866 2502; x_wconf 92' lang='lat' dir='ltr'>eundo</span> <span class='ocrx_word' id='word_1_149' title='bbox 2900 2448 3158 2502; x_wconf 83' lang='lat' dir='ltr'>versus</span> 
     </span>
     <span class='ocr_line' id='line_1_18' title="bbox 819 2546 3162 2624; baseline -0.001 0"><span class='ocrx_word' id='word_1_150' title='bbox 819 2549 1152 2624; x_wconf 89' lang='lat' dir='ltr'>Aretium</span> <span class='ocrx_word' id='word_1_151' title='bbox 1204 2552 1315 2620; x_wconf 87' lang='lat' dir='ltr'>est</span> <span class='ocrx_word' id='word_1_152' title='bbox 1366 2567 1514 2619; x_wconf 91' lang='lat' dir='ltr'>una</span> <span class='ocrx_word' id='word_1_153' title='bbox 1566 2546 1869 2620; x_wconf 89' lang='lat' dir='ltr'>ecclesia</span> <span class='ocrx_word' id='word_1_154' title='bbox 1922 2546 2161 2618; x_wconf 88' lang='lat' dir='ltr'>Sancti</span> <span class='ocrx_word' id='word_1_155' title='bbox 2228 2547 2490 2619; x_wconf 88' lang='lat' dir='ltr'>Miniati</span> <span class='ocrx_word' id='word_1_156' title='bbox 2557 2548 2629 2620; x_wconf 93' lang='lat' dir='ltr'>in</span> <span class='ocrx_word' id='word_1_157' title='bbox 2690 2554 2937 2623; x_wconf 90' lang='lat' dir='ltr'>monte</span> <span class='ocrx_word' id='word_1_158' title='bbox 2987 2549 3162 2624; x_wconf 87' lang='lat' dir='ltr'>satis</span> 
     </span>
     <span class='ocr_line' id='line_1_19' title="bbox 822 2665 3160 2765; baseline 0.001 -23"><span class='ocrx_word' id='word_1_159' title='bbox 822 2669 1074 2765; x_wconf 88' lang='lat' dir='ltr'>pulcra</span> <span class='ocrx_word' id='word_1_160' title='bbox 1127 2674 1200 2741; x_wconf 92' lang='lat' dir='ltr'>et</span> <span class='ocrx_word' id='word_1_161' title='bbox 1252 2667 1532 2740; x_wconf 87' lang='lat' dir='ltr'>devota.</span> <span class='ocrx_word' id='word_1_162' title='bbox 1582 2666 1791 2739; x_wconf 91' lang='lat' dir='ltr'>Modo</span> <span class='ocrx_word' id='word_1_163' title='bbox 1844 2665 1916 2738; x_wconf 92' lang='lat' dir='ltr'>in</span> <span class='ocrx_word' id='word_1_164' title='bbox 1971 2686 2275 2739; x_wconf 87' lang='lat' dir='ltr'>ascensu</span> <span class='ocrx_word' id='word_1_165' title='bbox 2324 2667 2526 2740; x_wconf 87' lang='lat' dir='ltr'>istius</span> <span class='ocrx_word' id='word_1_166' title='bbox 2587 2669 2933 2763; x_wconf 85' lang='lat' dir='ltr'>ecclesiae,</span> <span class='ocrx_word' id='word_1_167' title='bbox 2989 2670 3160 2763; x_wconf 91' lang='lat' dir='ltr'>quia</span> 
     </span>
     <span class='ocr_line' id='line_1_20' title="bbox 821 2787 3154 2885; baseline 0.001 -21"><span class='ocrx_word' id='word_1_168' title='bbox 821 2792 937 2865; x_wconf 87' lang='lat' dir='ltr'>via</span> <span class='ocrx_word' id='word_1_169' title='bbox 989 2798 1151 2864; x_wconf 88' lang='lat' dir='ltr'>erat</span> <span class='ocrx_word' id='word_1_170' title='bbox 1198 2789 1341 2862; x_wconf 90' lang='lat' dir='ltr'>alta</span> <span class='ocrx_word' id='word_1_171' title='bbox 1411 2795 1484 2861; x_wconf 90' lang='lat' dir='ltr'>et</span> <span class='ocrx_word' id='word_1_172' title='bbox 1545 2809 1804 2882; x_wconf 89' lang='lat' dir='ltr'>repens</span> <span class='ocrx_word' id='word_1_173' title='bbox 1869 2787 2101 2879; x_wconf 72' lang='lat' dir='ltr'>nimi5‚</span> <span class='ocrx_word' id='word_1_174' title='bbox 2154 2787 2316 2860; x_wconf 84' lang='lat' dir='ltr'>facti</span> <span class='ocrx_word' id='word_1_175' title='bbox 2387 2795 2556 2861; x_wconf 89' lang='lat' dir='ltr'>sunt</span> <span class='ocrx_word' id='word_1_176' title='bbox 2619 2790 2791 2864; x_wconf 93' lang='lat' dir='ltr'>olim</span> <span class='ocrx_word' id='word_1_177' title='bbox 2859 2792 3154 2885; x_wconf 88' lang='lat' dir='ltr'>quidam</span> 
     </span>
     <span class='ocr_line' id='line_1_21' title="bbox 818 2907 3161 3008; baseline 0 -23"><span class='ocrx_word' id='word_1_178' title='bbox 818 2911 1092 3008; x_wconf 84' lang='lat' dir='ltr'>gradus</span> <span class='ocrx_word' id='word_1_179' title='bbox 1165 2908 1421 3002; x_wconf 85' lang='lat' dir='ltr'>lapidei</span> <span class='ocrx_word' id='word_1_180' title='bbox 1495 2908 1566 2980; x_wconf 93' lang='lat' dir='ltr'>in</span> <span class='ocrx_word' id='word_1_181' title='bbox 1645 2908 1947 2980; x_wconf 90' lang='lat' dir='ltr'>modum</span> <span class='ocrx_word' id='word_1_182' title='bbox 2037 2907 2429 2998; x_wconf 89' lang='lat' dir='ltr'>scalarum,</span> <span class='ocrx_word' id='word_1_183' title='bbox 2511 2909 2718 3001; x_wconf 89' lang='lat' dir='ltr'>quasi</span> <span class='ocrx_word' id='word_1_184' title='bbox 2795 2931 2839 2984; x_wconf 88' lang='lat' dir='ltr'>a</span> <span class='ocrx_word' id='word_1_185' title='bbox 2919 2911 3161 2987; x_wconf 90' lang='lat' dir='ltr'>radice</span> 
     </span>
     <span class='ocr_line' id='line_1_22' title="bbox 817 3027 3161 3121; baseline 0.001 -19"><span class='ocrx_word' id='word_1_186' title='bbox 817 3030 1084 3104; x_wconf 90' lang='lat' dir='ltr'>montis</span> <span class='ocrx_word' id='word_1_187' title='bbox 1137 3048 1371 3120; x_wconf 88' lang='lat' dir='ltr'>usque</span> <span class='ocrx_word' id='word_1_188' title='bbox 1422 3027 1513 3100; x_wconf 88' lang='lat' dir='ltr'>ad</span> <span class='ocrx_word' id='word_1_189' title='bbox 1568 3028 1943 3100; x_wconf 89' lang='lat' dir='ltr'>introitum</span> <span class='ocrx_word' id='word_1_190' title='bbox 2000 3028 2221 3120; x_wconf 89' lang='lat' dir='ltr'>ipsius</span> <span class='ocrx_word' id='word_1_191' title='bbox 2273 3028 2619 3121; x_wconf 74' lang='lat' dir='ltr'>ecclesiae,</span> <span class='ocrx_word' id='word_1_192' title='bbox 2667 3036 2750 3102; x_wconf 92' lang='lat' dir='ltr'>ut</span> <span class='ocrx_word' id='word_1_193' title='bbox 2799 3030 2903 3105; x_wconf 90' lang='lat' dir='ltr'>sic</span> <span class='ocrx_word' id='word_1_194' title='bbox 2954 3030 3161 3106; x_wconf 87' lang='lat' dir='ltr'>habi-</span> 
     </span>
     <span class='ocr_line' id='line_1_23' title="bbox 818 3147 3158 3240; baseline 0.001 -17"><span class='ocrx_word' id='word_1_195' title='bbox 818 3150 958 3223; x_wconf 91' lang='lat' dir='ltr'>lius</span> <span class='ocrx_word' id='word_1_196' title='bbox 1009 3156 1082 3222; x_wconf 93' lang='lat' dir='ltr'>et</span> <span class='ocrx_word' id='word_1_197' title='bbox 1134 3148 1409 3221; x_wconf 80' lang='lat' dir='ltr'>facilius</span> <span class='ocrx_word' id='word_1_198' title='bbox 1460 3154 1752 3240; x_wconf 88' lang='lat' dir='ltr'>possent</span> <span class='ocrx_word' id='word_1_199' title='bbox 1787 3148 2185 3220; x_wconf 91' lang='lat' dir='ltr'>ascendere</span> <span class='ocrx_word' id='word_1_200' title='bbox 2223 3147 2354 3219; x_wconf 89' lang='lat' dir='ltr'>viri</span> <span class='ocrx_word' id='word_1_201' title='bbox 2393 3154 2465 3220; x_wconf 91' lang='lat' dir='ltr'>et</span> <span class='ocrx_word' id='word_1_202' title='bbox 2504 3148 2850 3224; x_wconf 91' lang='lat' dir='ltr'>mulieres</span> <span class='ocrx_word' id='word_1_203' title='bbox 2901 3159 3158 3226; x_wconf 87' lang='lat' dir='ltr'>euntes</span> 
     </span>
     <span class='ocr_line' id='line_1_24' title="bbox 817 3266 3159 3367; baseline 0.001 -25"><span class='ocrx_word' id='word_1_204' title='bbox 817 3269 912 3342; x_wconf 92' lang='lat' dir='ltr'>ad</span> <span class='ocrx_word' id='word_1_205' title='bbox 963 3267 1342 3341; x_wconf 90' lang='lat' dir='ltr'>ecclesiam</span> <span class='ocrx_word' id='word_1_206' title='bbox 1399 3286 1529 3360; x_wconf 86' lang='lat' dir='ltr'>pro</span> <span class='ocrx_word' id='word_1_207' title='bbox 1580 3266 2050 3361; x_wconf 84' lang='lat' dir='ltr'>indulgentia.</span> <span class='ocrx_word' id='word_1_208' title='bbox 2105 3266 2207 3338; x_wconf 85' lang='lat' dir='ltr'>Ad</span> <span class='ocrx_word' id='word_1_209' title='bbox 2265 3269 2711 3361; x_wconf 86' lang='lat' dir='ltr'>propositum</span> <span class='ocrx_word' id='word_1_210' title='bbox 2768 3290 2948 3367; x_wconf 82' lang='lat' dir='ltr'>ergo</span> <span class='ocrx_word' id='word_1_211' title='bbox 2990 3270 3159 3346; x_wconf 88' lang='lat' dir='ltr'>dicit</span> 
     </span>
     <span class='ocr_line' id='line_1_25' title="bbox 820 3385 3161 3487; baseline 0.002 -27"><span class='ocrx_word' id='word_1_212' title='bbox 820 3394 1059 3483; x_wconf 86' lang='lat' dir='ltr'>poeta,</span> <span class='ocrx_word' id='word_1_213' title='bbox 1112 3386 1307 3479; x_wconf 88' lang='lat' dir='ltr'>quod</span> <span class='ocrx_word' id='word_1_214' title='bbox 1362 3385 1493 3458; x_wconf 91' lang='lat' dir='ltr'>iste</span> <span class='ocrx_word' id='word_1_215' title='bbox 1542 3406 1887 3458; x_wconf 86' lang='lat' dir='ltr'>ascensus</span> <span class='ocrx_word' id='word_1_216' title='bbox 1939 3386 2029 3459; x_wconf 92' lang='lat' dir='ltr'>ad</span> <span class='ocrx_word' id='word_1_217' title='bbox 2080 3388 2485 3460; x_wconf 91' lang='lat' dir='ltr'>secundum</span> <span class='ocrx_word' id='word_1_218' title='bbox 2551 3388 2910 3463; x_wconf 89' lang='lat' dir='ltr'>circulum</span> <span class='ocrx_word' id='word_1_219' title='bbox 2978 3413 3161 3487; x_wconf 91' lang='lat' dir='ltr'>pur-</span> 
     </span>
     <span class='ocr_line' id='line_1_26' title="bbox 820 3504 3160 3602; baseline 0.002 -21"><span class='ocrx_word' id='word_1_220' title='bbox 820 3506 1082 3602; x_wconf 81' lang='lat' dir='ltr'>gatorii</span> <span class='ocrx_word' id='word_1_221' title='bbox 1134 3511 1293 3578; x_wconf 91' lang='lat' dir='ltr'>erat</span> <span class='ocrx_word' id='word_1_222' title='bbox 1343 3504 1591 3577; x_wconf 87' lang='lat' dir='ltr'>similis</span> <span class='ocrx_word' id='word_1_223' title='bbox 1627 3504 1758 3576; x_wconf 90' lang='lat' dir='ltr'>isti.</span> <span class='ocrx_word' id='word_1_224' title='bbox 1807 3507 2014 3579; x_wconf 84' lang='lat' dir='ltr'>Nunc</span> <span class='ocrx_word' id='word_1_225' title='bbox 2056 3507 2310 3580; x_wconf 88' lang='lat' dir='ltr'>ordina</span> <span class='ocrx_word' id='word_1_226' title='bbox 2356 3508 2663 3601; x_wconf 84' lang='lat' dir='ltr'>literam,</span> <span class='ocrx_word' id='word_1_227' title='bbox 2700 3515 2770 3583; x_wconf 91' lang='lat' dir='ltr'>et</span> <span class='ocrx_word' id='word_1_228' title='bbox 2813 3519 3160 3586; x_wconf 88' lang='lat' dir='ltr'>construe</span> 
     </span>
     <span class='ocr_line' id='line_1_27' title="bbox 819 3627 3161 3719; baseline 0.002 -18"><span class='ocrx_word' id='word_1_229' title='bbox 819 3627 959 3701; x_wconf 89' lang='lat' dir='ltr'>sic:</span> <span class='ocrx_word' id='word_1_230' title='bbox 1015 3631 1118 3698; x_wconf 86' lang='lat' dir='ltr'>La</span> <span class='ocrx_word' id='word_1_231' title='bbox 1168 3629 1332 3717; x_wconf 79' lang='lat' dir='ltr'>ripa</span> <span class='ocrx_word' id='word_1_232' title='bbox 1387 3627 1506 3697; x_wconf 77' lang='lat' dir='ltr'>che</span> <span class='ocrx_word' id='word_1_233' title='bbox 1564 3627 1737 3697; x_wconf 81' lang='lat' dir='ltr'>cade</span> <span class='ocrx_word' id='word_1_234' title='bbox 1805 3628 1975 3697; x_wconf 84' lang='lat' dir='ltr'>dall’</span> <span class='ocrx_word' id='word_1_235' title='bbox 2001 3628 2186 3698; x_wconf 79' lang='lat' dir='ltr'>altro</span> <span class='ocrx_word' id='word_1_236' title='bbox 2247 3648 2521 3719; x_wconf 56' lang='lat' dir='ltr'>arone,</span> <span class='ocrx_word' id='word_1_237' title='bbox 2591 3628 2863 3703; x_wconf 89' lang='lat' dir='ltr'>scilicet</span> <span class='ocrx_word' id='word_1_238' title='bbox 2925 3651 2970 3704; x_wconf 90' lang='lat' dir='ltr'>a</span> <span class='ocrx_word' id='word_1_239' title='bbox 3041 3650 3161 3705; x_wconf 87' lang='lat' dir='ltr'>se-</span> 
     </span>
     <span class='ocr_line' id='line_1_28' title="bbox 820 3739 3158 3845; baseline 0.001 -24"><span class='ocrx_word' id='word_1_240' title='bbox 820 3746 1084 3840; x_wconf 89' lang='lat' dir='ltr'>cundo,</span> <span class='ocrx_word' id='word_1_241' title='bbox 1135 3747 1262 3818; x_wconf 83' lang='lat' dir='ltr'>ben</span> <span class='ocrx_word' id='word_1_242' title='bbox 1309 3753 1500 3817; x_wconf 70' lang='lat' dir='ltr'>ralla</span> <span class='ocrx_word' id='word_1_243' title='bbox 1549 3749 1624 3816; x_wconf 83' lang='lat' dir='ltr'>in</span> <span class='ocrx_word' id='word_1_244' title='bbox 1672 3766 1746 3816; x_wconf 79' lang='lat' dir='ltr'>se</span> <span class='ocrx_word' id='word_1_245' title='bbox 1795 3739 1935 3817; x_wconf 73' lang='lat' dir='ltr'>cosi</span> <span class='ocrx_word' id='word_1_246' title='bbox 1984 3749 2042 3817; x_wconf 84' lang='lat' dir='ltr'>s’</span> <span class='ocrx_word' id='word_1_247' title='bbox 2069 3750 2353 3836; x_wconf 70' lang='lat' dir='ltr'>allento,</span> <span class='ocrx_word' id='word_1_248' title='bbox 2392 3748 2592 3840; x_wconf 88' lang='lat' dir='ltr'>idest,</span> <span class='ocrx_word' id='word_1_249' title='bbox 2631 3748 2947 3823; x_wconf 88' lang='lat' dir='ltr'>efficitur</span> <span class='ocrx_word' id='word_1_250' title='bbox 3000 3750 3158 3845; x_wconf 82' lang='lat' dir='ltr'>pla-</span> 
     </span>
     <span class='ocr_line' id='line_1_29' title="bbox 821 3865 3156 3961; baseline 0.002 -22"><span class='ocrx_word' id='word_1_251' title='bbox 821 3867 982 3941; x_wconf 90' lang='lat' dir='ltr'>nior</span> <span class='ocrx_word' id='word_1_252' title='bbox 1033 3873 1107 3940; x_wconf 92' lang='lat' dir='ltr'>et</span> <span class='ocrx_word' id='word_1_253' title='bbox 1157 3865 1455 3958; x_wconf 82' lang='lat' dir='ltr'>facilior,</span> <span class='ocrx_word' id='word_1_254' title='bbox 1499 3868 1709 3954; x_wconf 82' lang='lat' dir='ltr'>quivi,</span> <span class='ocrx_word' id='word_1_255' title='bbox 1745 3865 1947 3956; x_wconf 90' lang='lat' dir='ltr'>idest,</span> <span class='ocrx_word' id='word_1_256' title='bbox 1986 3866 2054 3936; x_wconf 91' lang='lat' dir='ltr'>in</span> <span class='ocrx_word' id='word_1_257' title='bbox 2109 3867 2244 3939; x_wconf 83' lang='lat' dir='ltr'>isto</span> <span class='ocrx_word' id='word_1_258' title='bbox 2285 3887 2635 3961; x_wconf 83' lang='lat' dir='ltr'>ascensu3</span> <span class='ocrx_word' id='word_1_259' title='bbox 2674 3875 2749 3942; x_wconf 94' lang='lat' dir='ltr'>et</span> <span class='ocrx_word' id='word_1_260' title='bbox 2788 3869 2995 3943; x_wconf 86' lang='lat' dir='ltr'>dicit:</span> <span class='ocrx_word' id='word_1_261' title='bbox 3038 3891 3156 3943; x_wconf 85' lang='lat' dir='ltr'>ma</span> 
     </span>
     <span class='ocr_line' id='line_1_30' title="bbox 819 3985 3161 4081; baseline 0.001 -21"><span class='ocrx_word' id='word_1_262' title='bbox 819 3990 1049 4079; x_wconf 81' lang='lat' dir='ltr'>quinci</span> <span class='ocrx_word' id='word_1_263' title='bbox 1095 4008 1133 4058; x_wconf 83' lang='lat' dir='ltr'>e</span> <span class='ocrx_word' id='word_1_264' title='bbox 1180 3988 1443 4078; x_wconf 71' lang='lat' dir='ltr'>quincii,</span> <span class='ocrx_word' id='word_1_265' title='bbox 1512 4005 1556 4058; x_wconf 87' lang='lat' dir='ltr'>a</span> <span class='ocrx_word' id='word_1_266' title='bbox 1616 3985 1873 4058; x_wconf 87' lang='lat' dir='ltr'>dextra</span> <span class='ocrx_word' id='word_1_267' title='bbox 1928 3993 2001 4059; x_wconf 90' lang='lat' dir='ltr'>et</span> <span class='ocrx_word' id='word_1_268' title='bbox 2054 3987 2363 4081; x_wconf 87' lang='lat' dir='ltr'>sinistra,</span> <span class='ocrx_word' id='word_1_269' title='bbox 2432 3991 2475 4060; x_wconf 73' lang='lat' dir='ltr'><em>F</em></span> <span class='ocrx_word' id='word_1_270' title='bbox 2503 3992 2676 4077; x_wconf 83' lang='lat' dir='ltr'>alta,</span> <span class='ocrx_word' id='word_1_271' title='bbox 2729 3989 2846 4063; x_wconf 86' lang='lat' dir='ltr'>vel</span> <span class='ocrx_word' id='word_1_272' title='bbox 2897 3993 2941 4063; x_wconf 73' lang='grc' dir='ltr'><em>Γ</em></span> <span class='ocrx_word' id='word_1_273' title='bbox 2968 3993 3161 4066; x_wconf 77' lang='lat' dir='ltr'>altra</span> 
     </span>
     <span class='ocr_line' id='line_1_31' title="bbox 805 4106 3161 4203; baseline 0.002 -23"><span class='ocrx_word' id='word_1_274' title='bbox 805 4117 1015 4200; x_wconf 78' lang='lat' dir='ltr'>petra</span> <span class='ocrx_word' id='word_1_275' title='bbox 1064 4110 1296 4198; x_wconf 84' lang='lat' dir='ltr'>rade;</span> <span class='ocrx_word' id='word_1_276' title='bbox 1349 4108 1505 4180; x_wconf 84' lang='lat' dir='ltr'>vult</span> <span class='ocrx_word' id='word_1_277' title='bbox 1557 4106 1802 4179; x_wconf 92' lang='lat' dir='ltr'>dicere</span> <span class='ocrx_word' id='word_1_278' title='bbox 1855 4107 2050 4200; x_wconf 92' lang='lat' dir='ltr'>quod</span> <span class='ocrx_word' id='word_1_279' title='bbox 2108 4115 2424 4200; x_wconf 83' lang='lat' dir='ltr'>utraque</span> <span class='ocrx_word' id='word_1_280' title='bbox 2476 4110 2751 4203; x_wconf 88' lang='lat' dir='ltr'>sponda</span> <span class='ocrx_word' id='word_1_281' title='bbox 2804 4111 3071 4185; x_wconf 94' lang='lat' dir='ltr'>montis</span> <span class='ocrx_word' id='word_1_282' title='bbox 3113 4131 3161 4184; x_wconf 92' lang='lat' dir='ltr'>a</span> 
     </span>
     <span class='ocr_line' id='line_1_32' title="bbox 815 4225 3162 4304; baseline 0.003 -6"><span class='ocrx_word' id='word_1_283' title='bbox 815 4226 1045 4300; x_wconf 92' lang='lat' dir='ltr'>latere</span> <span class='ocrx_word' id='word_1_284' title='bbox 1097 4227 1309 4298; x_wconf 83' lang='lat' dir='ltr'>scalae</span> <span class='ocrx_word' id='word_1_285' title='bbox 1377 4246 1522 4299; x_wconf 93' lang='lat' dir='ltr'>non</span> <span class='ocrx_word' id='word_1_286' title='bbox 1589 4232 1697 4298; x_wconf 90' lang='lat' dir='ltr'>est</span> <span class='ocrx_word' id='word_1_287' title='bbox 1748 4225 2026 4299; x_wconf 84' lang='lat' dir='ltr'>adibilis</span> <span class='ocrx_word' id='word_1_288' title='bbox 2093 4229 2202 4301; x_wconf 89' lang='lat' dir='ltr'>vel</span> <span class='ocrx_word' id='word_1_289' title='bbox 2259 4229 2701 4303; x_wconf 88' lang='lat' dir='ltr'>scansibilis:</span> <span class='ocrx_word' id='word_1_290' title='bbox 2758 4229 2910 4303; x_wconf 90' lang='lat' dir='ltr'>redi</span> <span class='ocrx_word' id='word_1_291' title='bbox 2964 4250 3162 4304; x_wconf 88' lang='lat' dir='ltr'>nunc</span> 
     </span>
     <span class='ocr_line' id='line_1_33' title="bbox 813 4347 3157 4441; baseline 0.003 -24"><span class='ocrx_word' id='word_1_292' title='bbox 813 4364 1070 4438; x_wconf 88' lang='lat' dir='ltr'>supra:</span> <span class='ocrx_word' id='word_1_293' title='bbox 1124 4365 1314 4416; x_wconf 84' lang='lat' dir='ltr'>come</span> <span class='ocrx_word' id='word_1_294' title='bbox 1363 4347 1407 4415; x_wconf 87' lang='lat' dir='ltr'>l’</span> <span class='ocrx_word' id='word_1_295' title='bbox 1433 4347 1671 4416; x_wconf 82' lang='lat' dir='ltr'>ardila</span> <span class='ocrx_word' id='word_1_296' title='bbox 1708 4349 1885 4437; x_wconf 76' lang='lat' dir='ltr'>soya</span> <span class='ocrx_word' id='word_1_297' title='bbox 1920 4349 2033 4418; x_wconf 84' lang='lat' dir='ltr'>del</span> <span class='ocrx_word' id='word_1_298' title='bbox 2065 4356 2370 4436; x_wconf 80' lang='lat' dir='ltr'>montar,</span> <span class='ocrx_word' id='word_1_299' title='bbox 2408 4349 2614 4441; x_wconf 89' lang='lat' dir='ltr'>idest,</span> <span class='ocrx_word' id='word_1_300' title='bbox 2650 4347 2861 4423; x_wconf 85' lang='lat' dir='ltr'>ardui</span> <span class='ocrx_word' id='word_1_301' title='bbox 2894 4370 3157 4425; x_wconf 88' lang='lat' dir='ltr'>ascen-</span> 
     </span>
    </p>
   </div>
   <div class='ocr_carea' id='block_1_3' title="bbox 935 4596 2805 4667">
    <p class='ocr_par' dir='ltr' id='par_1_3' title="bbox 935 4596 2805 4667">
     <span class='ocr_line' id='line_1_34' title="bbox 935 4596 2805 4667; baseline 0.004 -21"><span class='ocrx_word' id='word_1_302' title='bbox 935 4599 992 4660; x_wconf 76' lang='lat'>(⁸)</span> <span class='ocrx_word' id='word_1_303' title='bbox 1021 4597 1092 4647; x_wconf 82' lang='lat' dir='ltr'>Le</span> <span class='ocrx_word' id='word_1_304' title='bbox 1128 4596 1304 4658; x_wconf 76' lang='lat' dir='ltr'>parole</span> <span class='ocrx_word' id='word_1_305' title='bbox 1337 4596 1417 4646; x_wconf 76' lang='lat' dir='ltr'>fra</span> <span class='ocrx_word' id='word_1_306' title='bbox 1448 4599 1465 4647; x_wconf 91' lang='lat' dir='ltr'>i</span> <span class='ocrx_word' id='word_1_307' title='bbox 1499 4598 1600 4647; x_wconf 84' lang='lat' dir='ltr'>due</span> <span class='ocrx_word' id='word_1_308' title='bbox 1632 4600 1897 4648; x_wconf 78' lang='lat' dir='ltr'>asterischi</span> <span class='ocrx_word' id='word_1_309' title='bbox 1931 4614 2059 4650; x_wconf 78' lang='lat' dir='ltr'>sono</span> <span class='ocrx_word' id='word_1_310' title='bbox 2091 4602 2315 4665; x_wconf 80' lang='lat' dir='ltr'>supplite</span> <span class='ocrx_word' id='word_1_311' title='bbox 2347 4603 2483 4667; x_wconf 75' lang='lat' dir='ltr'>dagli</span> <span class='ocrx_word' id='word_1_312' title='bbox 2516 4601 2635 4652; x_wconf 76' lang='lat' dir='ltr'>altri</span> <span class='ocrx_word' id='word_1_313' title='bbox 2671 4603 2805 4653; x_wconf 78' lang='lat' dir='ltr'>testi.</span> 
     </span>
    </p>
   </div>
  </div>
 </body>
</html>
