<?xml version="1.0" encoding="UTF-8"?>
<!DOCTYPE html PUBLIC "-//W3C//DTD XHTML 1.0 Transitional//EN"
    "http://www.w3.org/TR/xhtml1/DTD/xhtml1-transitional.dtd">
<html xmlns="http://www.w3.org/1999/xhtml" xml:lang="en" lang="en">
 <head>
  <title>
</title>
<meta http-equiv="Content-Type" content="text/html;charset=utf-8" />
  <meta name='ocr-system' content='tesseract 3.04.00' />
  <meta name='ocr-capabilities' content='ocr_page ocr_carea ocr_par ocr_line ocrx_word'/>
</head>
<body>
  <div class='ocr_page' id='page_1' title='image "benvenutideramb00lacagoog_0505.png"; bbox 0 0 3704 5559; ppageno 0'>
   <div class='ocr_carea' id='block_1_1' title="bbox 487 442 2841 4324">
    <p class='ocr_par' dir='ltr' id='par_1_1' title="bbox 492 442 2841 1579">
     <span class='ocr_line' id='line_1_1' title="bbox 1150 442 2841 559; baseline 0.001 -3"><span class='ocrx_word' id='word_1_1' title='bbox 1150 503 1427 559; x_wconf 78' lang='lat' dir='ltr'><strong>CANTUS</strong></span> <span class='ocrx_word' id='word_1_2' title='bbox 1479 506 1790 559; x_wconf 78' lang='lat' dir='ltr'>DEcmns</span> <span class='ocrx_word' id='word_1_3' title='bbox 1839 504 2179 558; x_wconf 72' lang='lat' dir='ltr'>ocrAVUS.</span> <span class='ocrx_word' id='word_1_4' title='bbox 2640 442 2671 481; x_wconf 61' lang='lat'>&#39;</span> <span class='ocrx_word' id='word_1_5' title='bbox 2702 490 2841 558; x_wconf 65' lang='lat'>493</span> 
     </span>
     <span class='ocr_line' id='line_1_2' title="bbox 494 642 2835 742; baseline 0 -21"><span class='ocrx_word' id='word_1_6' title='bbox 494 650 681 722; x_wconf 89' lang='lat' dir='ltr'>intra</span> <span class='ocrx_word' id='word_1_7' title='bbox 708 649 1036 721; x_wconf 91' lang='lat' dir='ltr'>domum.</span> <span class='ocrx_word' id='word_1_8' title='bbox 1067 647 1218 720; x_wconf 91' lang='lat' dir='ltr'>Hoc</span> <span class='ocrx_word' id='word_1_9' title='bbox 1243 646 1527 721; x_wconf 88' lang='lat' dir='ltr'>dicebat</span> <span class='ocrx_word' id='word_1_10' title='bbox 1546 642 1646 741; x_wconf 79' lang='lat'>(¹),</span> <span class='ocrx_word' id='word_1_11' title='bbox 1678 649 1850 741; x_wconf 90' lang='lat' dir='ltr'>quia</span> <span class='ocrx_word' id='word_1_12' title='bbox 1889 649 2178 742; x_wconf 91' lang='lat' dir='ltr'>mulier,</span> <span class='ocrx_word' id='word_1_13' title='bbox 2208 650 2502 741; x_wconf 88' lang='lat' dir='ltr'>quando</span> <span class='ocrx_word' id='word_1_14' title='bbox 2539 657 2650 723; x_wconf 91' lang='lat' dir='ltr'>est</span> <span class='ocrx_word' id='word_1_15' title='bbox 2684 649 2835 722; x_wconf 85' lang='lat' dir='ltr'>dae-</span> 
     </span>
     <span class='ocr_line' id='line_1_3' title="bbox 494 767 2833 863; baseline -0 -21"><span class='ocrx_word' id='word_1_16' title='bbox 494 769 838 861; x_wconf 88' lang='lat' dir='ltr'>moniata,</span> <span class='ocrx_word' id='word_1_17' title='bbox 890 767 1186 841; x_wconf 85' lang='lat' dir='ltr'>ducitur</span> <span class='ocrx_word' id='word_1_18' title='bbox 1236 768 1327 841; x_wconf 89' lang='lat' dir='ltr'>ad</span> <span class='ocrx_word' id='word_1_19' title='bbox 1380 773 1715 841; x_wconf 89' lang='lat' dir='ltr'>sanctum</span> <span class='ocrx_word' id='word_1_20' title='bbox 1764 770 2151 842; x_wconf 80' lang='lat' dir='ltr'><strong>Zenonem.</strong></span> <span class='ocrx_word' id='word_1_21' title='bbox 2191 771 2279 841; x_wconf 89' lang='lat' dir='ltr'>Et</span> <span class='ocrx_word' id='word_1_22' title='bbox 2324 770 2585 843; x_wconf 90' lang='lat' dir='ltr'>ultimo</span> <span class='ocrx_word' id='word_1_23' title='bbox 2619 776 2833 863; x_wconf 89' lang='lat' dir='ltr'>poeta</span> 
     </span>
     <span class='ocr_line' id='line_1_4' title="bbox 492 885 2834 982; baseline -0.001 -20"><span class='ocrx_word' id='word_1_24' title='bbox 492 887 878 980; x_wconf 85' lang='lat' dir='ltr'>concludit,</span> <span class='ocrx_word' id='word_1_25' title='bbox 930 885 1130 979; x_wconf 90' lang='lat' dir='ltr'>quod</span> <span class='ocrx_word' id='word_1_26' title='bbox 1181 905 1327 958; x_wconf 94' lang='lat' dir='ltr'>non</span> <span class='ocrx_word' id='word_1_27' title='bbox 1389 891 1625 979; x_wconf 91' lang='lat' dir='ltr'>potest</span> <span class='ocrx_word' id='word_1_28' title='bbox 1684 887 1900 980; x_wconf 90' lang='lat' dir='ltr'>plura</span> <span class='ocrx_word' id='word_1_29' title='bbox 1963 887 2243 962; x_wconf 85' lang='lat' dir='ltr'>referre</span> <span class='ocrx_word' id='word_1_30' title='bbox 2293 887 2386 962; x_wconf 94' lang='lat' dir='ltr'>de</span> <span class='ocrx_word' id='word_1_31' title='bbox 2445 889 2636 961; x_wconf 88' lang='lat' dir='ltr'>dicto</span> <span class='ocrx_word' id='word_1_32' title='bbox 2688 887 2834 982; x_wconf 92' lang='lat' dir='ltr'>spi-</span> 
     </span>
     <span class='ocr_line' id='line_1_5' title="bbox 494 1001 2829 1097; baseline -0.001 -17"><span class='ocrx_word' id='word_1_33' title='bbox 494 1008 661 1080; x_wconf 90' lang='lat' dir='ltr'>ritu.</span> <span class='ocrx_word' id='word_1_34' title='bbox 715 1005 919 1080; x_wconf 92' lang='lat' dir='ltr'>Unde</span> <span class='ocrx_word' id='word_1_35' title='bbox 967 1004 1174 1078; x_wconf 89' lang='lat' dir='ltr'>dicit:</span> <span class='ocrx_word' id='word_1_36' title='bbox 1225 1007 1298 1076; x_wconf 89' lang='lat' dir='ltr'>io</span> <span class='ocrx_word' id='word_1_37' title='bbox 1345 1026 1491 1077; x_wconf 78' lang='lat' dir='ltr'>non</span> <span class='ocrx_word' id='word_1_38' title='bbox 1538 1027 1620 1077; x_wconf 81' lang='lat' dir='ltr'>so</span> <span class='ocrx_word' id='word_1_39' title='bbox 1669 1027 1741 1078; x_wconf 84' lang='lat' dir='ltr'>se</span> <span class='ocrx_word' id='word_1_40' title='bbox 1785 1001 1908 1097; x_wconf 66' lang='lat' dir='ltr'>pici</span> <span class='ocrx_word' id='word_1_41' title='bbox 1959 1008 2165 1095; x_wconf 80' lang='lat' dir='ltr'>disse,</span> <span class='ocrx_word' id='word_1_42' title='bbox 2208 1028 2251 1078; x_wconf 93' lang='lat' dir='ltr'>o</span> <span class='ocrx_word' id='word_1_43' title='bbox 2289 1010 2345 1078; x_wconf 72' lang='grc' dir='ltr'>,ς’</span> <span class='ocrx_word' id='word_1_44' title='bbox 2373 1010 2436 1078; x_wconf 84' lang='lat' dir='ltr'>ei</span> <span class='ocrx_word' id='word_1_45' title='bbox 2467 1010 2530 1078; x_wconf 78' lang='lat' dir='ltr'>si</span> <span class='ocrx_word' id='word_1_46' title='bbox 2564 1014 2829 1097; x_wconf 76' lang='lat' dir='ltr'>cacque,</span> 
     </span>
     <span class='ocr_line' id='line_1_6' title="bbox 495 1114 2831 1218; baseline -0 -19"><span class='ocrx_word' id='word_1_47' title='bbox 495 1133 685 1199; x_wconf 81' lang='lat' dir='ltr'>tanco</span> <span class='ocrx_word' id='word_1_48' title='bbox 752 1144 879 1197; x_wconf 82' lang='lat' dir='ltr'>era</span> <span class='ocrx_word' id='word_1_49' title='bbox 937 1114 1060 1214; x_wconf 71' lang='lat' dir='ltr'>yid</span> <span class='ocrx_word' id='word_1_50' title='bbox 1116 1126 1191 1196; x_wconf 81' lang='lat' dir='ltr'>di</span> <span class='ocrx_word' id='word_1_51' title='bbox 1238 1114 1311 1196; x_wconf 79' lang='grc' dir='ltr'>ἰὰ</span> <span class='ocrx_word' id='word_1_52' title='bbox 1372 1126 1469 1196; x_wconf 84' lang='lat' dir='ltr'>da</span> <span class='ocrx_word' id='word_1_53' title='bbox 1531 1127 1653 1197; x_wconf 79' lang='lat' dir='ltr'>noi</span> <span class='ocrx_word' id='word_1_54' title='bbox 1719 1132 2104 1217; x_wconf 71' lang='lat' dir='ltr'>irascorw,</span> <span class='ocrx_word' id='word_1_55' title='bbox 2181 1126 2354 1218; x_wconf 88' lang='lat' dir='ltr'>quia</span> <span class='ocrx_word' id='word_1_56' title='bbox 2421 1146 2831 1217; x_wconf 81' lang='lat' dir='ltr'>numquam</span> 
     </span>
     <span class='ocr_line' id='line_1_7' title="bbox 493 1234 2839 1338; baseline -0.001 -20"><span class='ocrx_word' id='word_1_57' title='bbox 493 1245 867 1319; x_wconf 84' lang='lat' dir='ltr'>dimiserat</span> <span class='ocrx_word' id='word_1_58' title='bbox 917 1264 1218 1317; x_wconf 90' lang='lat' dir='ltr'>cursum</span> <span class='ocrx_word' id='word_1_59' title='bbox 1251 1234 1325 1335; x_wconf 78' lang='lat'>(²)</span> <span class='ocrx_word' id='word_1_60' title='bbox 1381 1250 1680 1338; x_wconf 91' lang='lat' dir='ltr'>propter</span> <span class='ocrx_word' id='word_1_61' title='bbox 1733 1244 1970 1337; x_wconf 82' lang='lat' dir='ltr'>loqui3</span> <span class='ocrx_word' id='word_1_62' title='bbox 2006 1264 2125 1315; x_wconf 89' lang='lat' dir='ltr'>ma</span> <span class='ocrx_word' id='word_1_63' title='bbox 2159 1252 2394 1336; x_wconf 79' lang='lat' dir='ltr'>questo</span> <span class='ocrx_word' id='word_1_64' title='bbox 2430 1247 2629 1316; x_wconf 75' lang='lat' dir='ltr'>inlesi</span> <span class='ocrx_word' id='word_1_65' title='bbox 2663 1266 2699 1316; x_wconf 83' lang='lat' dir='ltr'>e</span> <span class='ocrx_word' id='word_1_66' title='bbox 2733 1247 2839 1316; x_wconf 84' lang='lat' dir='ltr'>ri-</span> 
     </span>
     <span class='ocr_line' id='line_1_8' title="bbox 494 1363 2839 1458; baseline -0.001 -20"><span class='ocrx_word' id='word_1_67' title='bbox 494 1372 684 1438; x_wconf 74' lang='lat' dir='ltr'>tem-r</span> <span class='ocrx_word' id='word_1_68' title='bbox 731 1368 829 1436; x_wconf 89' lang='lat' dir='ltr'>mi</span> <span class='ocrx_word' id='word_1_69' title='bbox 865 1366 1177 1458; x_wconf 77' lang='lat' dir='ltr'>piaeque.</span> <span class='ocrx_word' id='word_1_70' title='bbox 1231 1363 1453 1451; x_wconf 82' lang='lat' dir='ltr'>Quasi</span> <span class='ocrx_word' id='word_1_71' title='bbox 1504 1364 1731 1436; x_wconf 88' lang='lat' dir='ltr'>dicat:</span> <span class='ocrx_word' id='word_1_72' title='bbox 1786 1364 1926 1437; x_wconf 90' lang='lat' dir='ltr'>hoc</span> <span class='ocrx_word' id='word_1_73' title='bbox 1975 1384 2210 1436; x_wconf 91' lang='lat' dir='ltr'>unum</span> <span class='ocrx_word' id='word_1_74' title='bbox 2256 1364 2524 1456; x_wconf 90' lang='lat' dir='ltr'>notavi,</span> <span class='ocrx_word' id='word_1_75' title='bbox 2562 1370 2645 1436; x_wconf 90' lang='lat' dir='ltr'>ut</span> <span class='ocrx_word' id='word_1_76' title='bbox 2685 1382 2839 1436; x_wconf 81' lang='lat' dir='ltr'>me-</span> 
     </span>
     <span class='ocr_line' id='line_1_9' title="bbox 493 1473 2833 1579; baseline -0.002 -20"><span class='ocrx_word' id='word_1_77' title='bbox 493 1486 804 1559; x_wconf 88' lang='lat' dir='ltr'>moriam</span> <span class='ocrx_word' id='word_1_78' title='bbox 857 1484 1115 1558; x_wconf 83' lang='lat' dir='ltr'>faciam</span> <span class='ocrx_word' id='word_1_79' title='bbox 1157 1473 1229 1575; x_wconf 79' lang='lat'>(³)</span> <span class='ocrx_word' id='word_1_80' title='bbox 1293 1482 1384 1556; x_wconf 88' lang='lat' dir='ltr'>ad</span> <span class='ocrx_word' id='word_1_81' title='bbox 1454 1483 1918 1579; x_wconf 90' lang='lat' dir='ltr'>arguendum</span> <span class='ocrx_word' id='word_1_82' title='bbox 1971 1484 2362 1558; x_wconf 84' lang='lat' dir='ltr'>violatores</span> <span class='ocrx_word' id='word_1_83' title='bbox 2425 1503 2833 1557; x_wconf 89' lang='lat' dir='ltr'>sacrorum.</span> 
     </span>
    </p>

    <p class='ocr_par' dir='ltr' id='par_1_2' title="bbox 487 1594 2837 4324">
     <span class='ocr_line' id='line_1_10' title="bbox 638 1594 2835 1698; baseline -0.001 -20"><span class='ocrx_word' id='word_1_84' title='bbox 638 1612 704 1678; x_wconf 91' lang='lat' dir='ltr'><em>E</em></span> <span class='ocrx_word' id='word_1_85' title='bbox 749 1607 920 1697; x_wconf 84' lang='lat' dir='ltr'>quei.</span> <span class='ocrx_word' id='word_1_86' title='bbox 958 1604 1101 1678; x_wconf 90' lang='lat' dir='ltr'>Ista</span> <span class='ocrx_word' id='word_1_87' title='bbox 1142 1613 1253 1678; x_wconf 91' lang='lat' dir='ltr'>est</span> <span class='ocrx_word' id='word_1_88' title='bbox 1287 1603 1542 1695; x_wconf 90' lang='lat' dir='ltr'>quinta</span> <span class='ocrx_word' id='word_1_89' title='bbox 1584 1625 1753 1698; x_wconf 91' lang='lat' dir='ltr'>pars</span> <span class='ocrx_word' id='word_1_90' title='bbox 1778 1594 1850 1694; x_wconf 73' lang='lat'>(⁴)</span> <span class='ocrx_word' id='word_1_91' title='bbox 1894 1610 1967 1676; x_wconf 92' lang='lat' dir='ltr'>et</span> <span class='ocrx_word' id='word_1_92' title='bbox 2002 1603 2282 1696; x_wconf 90' lang='lat' dir='ltr'>ultima,</span> <span class='ocrx_word' id='word_1_93' title='bbox 2319 1604 2390 1676; x_wconf 90' lang='lat' dir='ltr'>in</span> <span class='ocrx_word' id='word_1_94' title='bbox 2434 1624 2581 1697; x_wconf 91' lang='lat' dir='ltr'>qua</span> <span class='ocrx_word' id='word_1_95' title='bbox 2622 1611 2835 1695; x_wconf 90' lang='lat' dir='ltr'>poeta</span> 
     </span>
     <span class='ocr_line' id='line_1_11' title="bbox 492 1722 2831 1816; baseline -0.002 -17"><span class='ocrx_word' id='word_1_96' title='bbox 492 1726 704 1799; x_wconf 89' lang='lat' dir='ltr'>docet</span> <span class='ocrx_word' id='word_1_97' title='bbox 755 1724 988 1797; x_wconf 88' lang='lat' dir='ltr'>vitare</span> <span class='ocrx_word' id='word_1_98' title='bbox 1036 1722 1411 1816; x_wconf 85' lang='lat' dir='ltr'>accidiam,</span> <span class='ocrx_word' id='word_1_99' title='bbox 1463 1722 1852 1799; x_wconf 92' lang='lat' dir='ltr'>ostendens</span> <span class='ocrx_word' id='word_1_100' title='bbox 1906 1723 2063 1797; x_wconf 94' lang='lat' dir='ltr'>eius</span> <span class='ocrx_word' id='word_1_101' title='bbox 2098 1723 2338 1797; x_wconf 81' lang='lat' dir='ltr'>tristes</span> <span class='ocrx_word' id='word_1_102' title='bbox 2384 1724 2709 1797; x_wconf 84' lang='lat' dir='ltr'>effectus.</span> <span class='ocrx_word' id='word_1_103' title='bbox 2749 1722 2831 1794; x_wconf 92' lang='lat' dir='ltr'>Et</span> 
     </span>
     <span class='ocr_line' id='line_1_12' title="bbox 491 1835 2833 1940; baseline -0.001 -23"><span class='ocrx_word' id='word_1_104' title='bbox 491 1846 746 1940; x_wconf 92' lang='lat' dir='ltr'>pulcre</span> <span class='ocrx_word' id='word_1_105' title='bbox 797 1844 1002 1939; x_wconf 89' lang='lat' dir='ltr'>fingit</span> <span class='ocrx_word' id='word_1_106' title='bbox 1062 1843 1259 1936; x_wconf 88' lang='lat' dir='ltr'>quod</span> <span class='ocrx_word' id='word_1_107' title='bbox 1323 1842 1664 1938; x_wconf 86' lang='lat' dir='ltr'>Virgilius</span> <span class='ocrx_word' id='word_1_108' title='bbox 1716 1843 2027 1916; x_wconf 88' lang='lat' dir='ltr'>ostendit</span> <span class='ocrx_word' id='word_1_109' title='bbox 2054 1835 2129 1935; x_wconf 79' lang='lat'>(⁵)</span> <span class='ocrx_word' id='word_1_110' title='bbox 2154 1843 2311 1920; x_wconf 72' lang='lat' dir='ltr'>‚sibi</span> <span class='ocrx_word' id='word_1_111' title='bbox 2380 1843 2565 1916; x_wconf 90' lang='lat' dir='ltr'>duos</span> <span class='ocrx_word' id='word_1_112' title='bbox 2628 1842 2833 1915; x_wconf 92' lang='lat' dir='ltr'>dete-</span> 
     </span>
     <span class='ocr_line' id='line_1_13' title="bbox 492 1946 2825 2058; baseline -0.002 -20"><span class='ocrx_word' id='word_1_113' title='bbox 492 1970 762 2038; x_wconf 87' lang='lat' dir='ltr'>stantes</span> <span class='ocrx_word' id='word_1_114' title='bbox 812 1961 1184 2036; x_wconf 88' lang='lat' dir='ltr'>accidiam.</span> <span class='ocrx_word' id='word_1_115' title='bbox 1238 1946 1423 2034; x_wconf 85' lang='lat' dir='ltr'>Dicit</span> <span class='ocrx_word' id='word_1_116' title='bbox 1481 1982 1701 2058; x_wconf 90' lang='lat' dir='ltr'>ergo:</span> <span class='ocrx_word' id='word_1_117' title='bbox 1757 1969 1822 2034; x_wconf 88' lang='lat' dir='ltr'><em>E</em></span> <span class='ocrx_word' id='word_1_118' title='bbox 1866 1967 2044 2056; x_wconf 82' lang='lat' dir='ltr'>quei,</span> <span class='ocrx_word' id='word_1_119' title='bbox 2115 1964 2407 2058; x_wconf 89' lang='lat' dir='ltr'>scilicet,</span> <span class='ocrx_word' id='word_1_120' title='bbox 2463 1961 2825 2058; x_wconf 83' lang='lat' dir='ltr'>Virgilius,</span> 
     </span>
     <span class='ocr_line' id='line_1_14' title="bbox 491 2082 2823 2177; baseline -0.001 -20"><span class='ocrx_word' id='word_1_121' title='bbox 491 2088 610 2157; x_wconf 76' lang='lat' dir='ltr'>che</span> <span class='ocrx_word' id='word_1_122' title='bbox 659 2085 749 2154; x_wconf 89' lang='lat' dir='ltr'>m’</span> <span class='ocrx_word' id='word_1_123' title='bbox 774 2103 902 2154; x_wconf 81' lang='lat' dir='ltr'>era</span> <span class='ocrx_word' id='word_1_124' title='bbox 952 2084 1053 2153; x_wconf 87' lang='lat' dir='ltr'>ad</span> <span class='ocrx_word' id='word_1_125' title='bbox 1097 2085 1265 2171; x_wconf 72' lang='lat' dir='ltr'>oyni</span> <span class='ocrx_word' id='word_1_126' title='bbox 1312 2103 1494 2173; x_wconf 80' lang='lat' dir='ltr'>uopo</span> <span class='ocrx_word' id='word_1_127' title='bbox 1553 2102 1903 2174; x_wconf 72' lang='lat' dir='ltr'>soccorw,</span> <span class='ocrx_word' id='word_1_128' title='bbox 1968 2082 2083 2155; x_wconf 92' lang='lat' dir='ltr'>hic</span> <span class='ocrx_word' id='word_1_129' title='bbox 2148 2083 2343 2156; x_wconf 90' lang='lat' dir='ltr'>enim</span> <span class='ocrx_word' id='word_1_130' title='bbox 2410 2082 2823 2177; x_wconf 86' lang='lat' dir='ltr'>indigebam</span> 
     </span>
     <span class='ocr_line' id='line_1_15' title="bbox 493 2185 2837 2295; baseline -0.001 -20"><span class='ocrx_word' id='word_1_131' title='bbox 493 2222 878 2294; x_wconf 90' lang='lat' dir='ltr'>succursu,</span> <span class='ocrx_word' id='word_1_132' title='bbox 930 2201 1102 2293; x_wconf 89' lang='lat' dir='ltr'>quia</span> <span class='ocrx_word' id='word_1_133' title='bbox 1153 2222 1300 2273; x_wconf 94' lang='lat' dir='ltr'>non</span> <span class='ocrx_word' id='word_1_134' title='bbox 1353 2209 1685 2295; x_wconf 92' lang='lat' dir='ltr'>poteram</span> <span class='ocrx_word' id='word_1_135' title='bbox 1740 2202 2054 2295; x_wconf 89' lang='lat' dir='ltr'>amplius</span> <span class='ocrx_word' id='word_1_136' title='bbox 2089 2185 2339 2276; x_wconf 86' lang='lat' dir='ltr'>videre</span> <span class='ocrx_word' id='word_1_137' title='bbox 2380 2201 2655 2274; x_wconf 91' lang='lat' dir='ltr'>dictum</span> <span class='ocrx_word' id='word_1_138' title='bbox 2692 2201 2837 2294; x_wconf 92' lang='lat' dir='ltr'>spi-</span> 
     </span>
     <span class='ocr_line' id='line_1_16' title="bbox 492 2321 2833 2416; baseline -0 -21"><span class='ocrx_word' id='word_1_139' title='bbox 492 2323 716 2395; x_wconf 91' lang='lat' dir='ltr'>ritum</span> <span class='ocrx_word' id='word_1_140' title='bbox 737 2345 756 2415; x_wconf 82' lang='lat'>3</span> <span class='ocrx_word' id='word_1_141' title='bbox 808 2321 971 2395; x_wconf 93' lang='lat' dir='ltr'>ideo</span> <span class='ocrx_word' id='word_1_142' title='bbox 1023 2342 1115 2394; x_wconf 92' lang='lat' dir='ltr'>ne</span> <span class='ocrx_word' id='word_1_143' title='bbox 1166 2321 1551 2414; x_wconf 89' lang='lat' dir='ltr'>perderem</span> <span class='ocrx_word' id='word_1_144' title='bbox 1591 2328 1902 2416; x_wconf 92' lang='lat' dir='ltr'>tempus,</span> <span class='ocrx_word' id='word_1_145' title='bbox 1939 2323 2157 2393; x_wconf 77' lang='lat' dir='ltr'>disse:</span> <span class='ocrx_word' id='word_1_146' title='bbox 2191 2324 2430 2411; x_wconf 69' lang='lat' dir='ltr'>volyiti</span> <span class='ocrx_word' id='word_1_147' title='bbox 2477 2342 2641 2414; x_wconf 81' lang='lat' dir='ltr'>qua,</span> <span class='ocrx_word' id='word_1_148' title='bbox 2692 2322 2833 2396; x_wconf 91' lang='lat' dir='ltr'>sci-</span> 
     </span>
     <span class='ocr_line' id='line_1_17' title="bbox 490 2440 2828 2536; baseline -0 -21"><span class='ocrx_word' id='word_1_149' title='bbox 490 2443 678 2534; x_wconf 90' lang='lat' dir='ltr'>licet,</span> <span class='ocrx_word' id='word_1_150' title='bbox 732 2462 775 2514; x_wconf 91' lang='lat' dir='ltr'>a</span> <span class='ocrx_word' id='word_1_151' title='bbox 830 2449 1057 2536; x_wconf 88' lang='lat' dir='ltr'>tergo,</span> <span class='ocrx_word' id='word_1_152' title='bbox 1111 2443 1350 2513; x_wconf 83' lang='lat' dir='ltr'>vedine</span> <span class='ocrx_word' id='word_1_153' title='bbox 1400 2442 1532 2512; x_wconf 82' lang='lat' dir='ltr'>due</span> <span class='ocrx_word' id='word_1_154' title='bbox 1545 2467 1576 2533; x_wconf 88' lang='lat'>,·</span> <span class='ocrx_word' id='word_1_155' title='bbox 1628 2440 1730 2513; x_wconf 90' lang='lat' dir='ltr'>sic</span> <span class='ocrx_word' id='word_1_156' title='bbox 1790 2440 1956 2514; x_wconf 88' lang='lat' dir='ltr'>vide</span> <span class='ocrx_word' id='word_1_157' title='bbox 2018 2440 2214 2533; x_wconf 89' lang='lat' dir='ltr'>quod</span> <span class='ocrx_word' id='word_1_158' title='bbox 2283 2448 2496 2534; x_wconf 91' lang='lat' dir='ltr'>poeta</span> <span class='ocrx_word' id='word_1_159' title='bbox 2560 2462 2828 2536; x_wconf 87' lang='lat' dir='ltr'>magna</span> 
     </span>
     <span class='ocr_line' id='line_1_18' title="bbox 488 2558 2834 2654; baseline -0.002 -19"><span class='ocrx_word' id='word_1_160' title='bbox 488 2566 649 2635; x_wconf 91' lang='lat' dir='ltr'>arte</span> <span class='ocrx_word' id='word_1_161' title='bbox 702 2559 920 2654; x_wconf 77' lang='lat' dir='ltr'>fingit&#39;</span> <span class='ocrx_word' id='word_1_162' title='bbox 939 2560 1136 2653; x_wconf 88' lang='lat' dir='ltr'>quod</span> <span class='ocrx_word' id='word_1_163' title='bbox 1170 2558 1319 2632; x_wconf 95' lang='lat' dir='ltr'>duo</span> <span class='ocrx_word' id='word_1_164' title='bbox 1354 2558 1648 2653; x_wconf 90' lang='lat' dir='ltr'>spiritus</span> <span class='ocrx_word' id='word_1_165' title='bbox 1685 2559 1898 2653; x_wconf 91' lang='lat' dir='ltr'>primi</span> <span class='ocrx_word' id='word_1_166' title='bbox 1943 2558 2220 2632; x_wconf 82' lang='lat' dir='ltr'>vadunt</span> <span class='ocrx_word' id='word_1_167' title='bbox 2253 2564 2627 2632; x_wconf 88' lang='lat' dir='ltr'>cantantes</span> <span class='ocrx_word' id='word_1_168' title='bbox 2670 2559 2834 2631; x_wconf 87' lang='lat' dir='ltr'>lau-</span> 
     </span>
     <span class='ocr_line' id='line_1_19' title="bbox 488 2676 2830 2772; baseline -0.003 -18"><span class='ocrx_word' id='word_1_169' title='bbox 488 2680 616 2754; x_wconf 94' lang='lat' dir='ltr'>des</span> <span class='ocrx_word' id='word_1_170' title='bbox 668 2679 1139 2772; x_wconf 89' lang='lat' dir='ltr'>solicitorum,</span> <span class='ocrx_word' id='word_1_171' title='bbox 1194 2678 1382 2751; x_wconf 92' lang='lat' dir='ltr'>sicut</span> <span class='ocrx_word' id='word_1_172' title='bbox 1432 2677 1735 2752; x_wconf 85' lang='lat' dir='ltr'>Caesaris</span> <span class='ocrx_word' id='word_1_173' title='bbox 1788 2684 1863 2751; x_wconf 87' lang='lat' dir='ltr'>et</span> <span class='ocrx_word' id='word_1_174' title='bbox 1912 2677 2176 2770; x_wconf 88' lang='lat' dir='ltr'>Mariae,</span> <span class='ocrx_word' id='word_1_175' title='bbox 2220 2683 2292 2749; x_wconf 91' lang='lat' dir='ltr'>et</span> <span class='ocrx_word' id='word_1_176' title='bbox 2343 2676 2463 2748; x_wconf 90' lang='lat' dir='ltr'>alii</span> <span class='ocrx_word' id='word_1_177' title='bbox 2512 2676 2662 2750; x_wconf 92' lang='lat' dir='ltr'>duo</span> <span class='ocrx_word' id='word_1_178' title='bbox 2716 2677 2830 2749; x_wconf 88' lang='lat' dir='ltr'>ul-</span> 
     </span>
     <span class='ocr_line' id='line_1_20' title="bbox 490 2796 2832 2892; baseline 0.001 -23"><span class='ocrx_word' id='word_1_179' title='bbox 490 2798 644 2870; x_wconf 94' lang='lat' dir='ltr'>timi</span> <span class='ocrx_word' id='word_1_180' title='bbox 699 2818 829 2892; x_wconf 93' lang='lat' dir='ltr'>per</span> <span class='ocrx_word' id='word_1_181' title='bbox 880 2797 1331 2871; x_wconf 88' lang='lat' dir='ltr'>contrarium</span> <span class='ocrx_word' id='word_1_182' title='bbox 1386 2797 1664 2870; x_wconf 82' lang='lat' dir='ltr'>vadunt</span> <span class='ocrx_word' id='word_1_183' title='bbox 1724 2796 2083 2870; x_wconf 80' lang='lat' dir='ltr'>cantando</span> <span class='ocrx_word' id='word_1_184' title='bbox 2145 2796 2459 2869; x_wconf 88' lang='lat' dir='ltr'>convitia</span> <span class='ocrx_word' id='word_1_185' title='bbox 2517 2797 2832 2879; x_wconf 87' lang='lat' dir='ltr'>accidio-</span> 
     </span>
     <span class='ocr_line' id='line_1_21' title="bbox 489 2916 2822 3010; baseline -0 -20"><span class='ocrx_word' id='word_1_186' title='bbox 489 2938 766 2990; x_wconf 90' lang='lat' dir='ltr'>sorum.</span> <span class='ocrx_word' id='word_1_187' title='bbox 832 2917 1036 2990; x_wconf 93' lang='lat' dir='ltr'>Unde</span> <span class='ocrx_word' id='word_1_188' title='bbox 1098 2916 1300 2989; x_wconf 87' lang='lat' dir='ltr'>dicit:</span> <span class='ocrx_word' id='word_1_189' title='bbox 1364 2920 1562 2989; x_wconf 77' lang='lat' dir='ltr'>venir</span> <span class='ocrx_word' id='word_1_190' title='bbox 1621 2919 1863 2989; x_wconf 85' lang='lat' dir='ltr'>dando</span> <span class='ocrx_word' id='word_1_191' title='bbox 1929 2919 2048 2989; x_wconf 76' lang='lat' dir='ltr'>all’</span> <span class='ocrx_word' id='word_1_192' title='bbox 2076 2918 2347 2988; x_wconf 83' lang='lat' dir='ltr'>accidia</span> <span class='ocrx_word' id='word_1_193' title='bbox 2414 2918 2490 2987; x_wconf 86' lang='lat' dir='ltr'>di</span> <span class='ocrx_word' id='word_1_194' title='bbox 2557 2938 2822 3010; x_wconf 74' lang='lat' dir='ltr'>morsm,</span> 
     </span>
     <span class='ocr_line' id='line_1_22' title="bbox 489 3034 2830 3129; baseline 0 -19"><span class='ocrx_word' id='word_1_195' title='bbox 489 3038 694 3129; x_wconf 91' lang='lat' dir='ltr'>idest,</span> <span class='ocrx_word' id='word_1_196' title='bbox 748 3035 1187 3109; x_wconf 90' lang='lat' dir='ltr'>mordaciter</span> <span class='ocrx_word' id='word_1_197' title='bbox 1254 3035 1646 3109; x_wconf 89' lang='lat' dir='ltr'>lacerando</span> <span class='ocrx_word' id='word_1_198' title='bbox 1707 3046 1781 3111; x_wconf 93' lang='lat' dir='ltr'>et</span> <span class='ocrx_word' id='word_1_199' title='bbox 1837 3034 2317 3129; x_wconf 87' lang='lat' dir='ltr'>vituperando</span> <span class='ocrx_word' id='word_1_200' title='bbox 2388 3042 2462 3108; x_wconf 92' lang='lat' dir='ltr'>et</span> <span class='ocrx_word' id='word_1_201' title='bbox 2528 3036 2830 3128; x_wconf 84' lang='lat' dir='ltr'>merit03</span> 
     </span>
     <span class='ocr_line' id='line_1_23' title="bbox 489 3154 2833 3248; baseline -0.001 -18"><span class='ocrx_word' id='word_1_202' title='bbox 489 3156 685 3230; x_wconf 90' lang='lat' dir='ltr'>unde</span> <span class='ocrx_word' id='word_1_203' title='bbox 736 3161 928 3247; x_wconf 91' lang='lat' dir='ltr'>nota,</span> <span class='ocrx_word' id='word_1_204' title='bbox 983 3160 1056 3227; x_wconf 91' lang='lat' dir='ltr'>te</span> <span class='ocrx_word' id='word_1_205' title='bbox 1106 3173 1311 3248; x_wconf 90' lang='lat' dir='ltr'>rogo,</span> <span class='ocrx_word' id='word_1_206' title='bbox 1365 3155 1564 3247; x_wconf 88' lang='lat' dir='ltr'>quod</span> <span class='ocrx_word' id='word_1_207' title='bbox 1616 3154 1889 3229; x_wconf 88' lang='lat' dir='ltr'>accidia</span> <span class='ocrx_word' id='word_1_208' title='bbox 1944 3155 2165 3228; x_wconf 92' lang='lat' dir='ltr'>tristis</span> <span class='ocrx_word' id='word_1_209' title='bbox 2216 3161 2455 3228; x_wconf 90' lang='lat' dir='ltr'>mater</span> <span class='ocrx_word' id='word_1_210' title='bbox 2491 3155 2639 3247; x_wconf 92' lang='lat' dir='ltr'>otii,</span> <span class='ocrx_word' id='word_1_211' title='bbox 2690 3178 2833 3228; x_wconf 92' lang='lat' dir='ltr'>nu-</span> 
     </span>
     <span class='ocr_line' id='line_1_24' title="bbox 488 3393 2830 3489; baseline 0 -21"><span class='ocrx_word' id='word_1_212' title='bbox 488 3394 844 3487; x_wconf 89' lang='lat' dir='ltr'>animum,</span> <span class='ocrx_word' id='word_1_213' title='bbox 873 3394 1044 3488; x_wconf 89' lang='lat' dir='ltr'>ligat</span> <span class='ocrx_word' id='word_1_214' title='bbox 1072 3393 1432 3486; x_wconf 87' lang='lat' dir='ltr'>membra,</span> <span class='ocrx_word' id='word_1_215' title='bbox 1455 3394 1840 3467; x_wconf 89' lang='lat' dir='ltr'>marcescit</span> <span class='ocrx_word' id='word_1_216' title='bbox 1873 3394 2110 3486; x_wconf 92' lang='lat' dir='ltr'>sorde,</span> <span class='ocrx_word' id='word_1_217' title='bbox 2139 3393 2568 3488; x_wconf 88' lang='lat' dir='ltr'>improvida,</span> <span class='ocrx_word' id='word_1_218' title='bbox 2606 3414 2830 3489; x_wconf 86' lang='lat' dir='ltr'>caeca,</span> 
     </span>
     <span class='ocr_line' id='line_1_25' title="bbox 487 3512 2827 3606; baseline -0.001 -18"><span class='ocrx_word' id='word_1_219' title='bbox 487 3515 719 3589; x_wconf 88' lang='lat' dir='ltr'>amica</span> <span class='ocrx_word' id='word_1_220' title='bbox 798 3513 1057 3606; x_wconf 93' lang='lat' dir='ltr'>somni,</span> <span class='ocrx_word' id='word_1_221' title='bbox 1127 3513 1285 3587; x_wconf 90' lang='lat' dir='ltr'>sine</span> <span class='ocrx_word' id='word_1_222' title='bbox 1351 3513 1496 3585; x_wconf 90' lang='lat' dir='ltr'>ulla</span> <span class='ocrx_word' id='word_1_223' title='bbox 1565 3512 1908 3586; x_wconf 88' lang='lat' dir='ltr'>laudabili</span> <span class='ocrx_word' id='word_1_224' title='bbox 1959 3533 2180 3606; x_wconf 89' lang='lat' dir='ltr'>cura;</span> <span class='ocrx_word' id='word_1_225' title='bbox 2242 3514 2608 3586; x_wconf 90' lang='lat' dir='ltr'>contraria</span> <span class='ocrx_word' id='word_1_226' title='bbox 2668 3520 2827 3586; x_wconf 89' lang='lat' dir='ltr'>stu-</span> 
     </span>
     <span class='ocr_line' id='line_1_26' title="bbox 487 3631 2829 3729; baseline -0.002 -20"><span class='ocrx_word' id='word_1_227' title='bbox 487 3636 626 3728; x_wconf 91' lang='lat' dir='ltr'>dio,</span> <span class='ocrx_word' id='word_1_228' title='bbox 680 3635 872 3708; x_wconf 90' lang='lat' dir='ltr'>socia</span> <span class='ocrx_word' id='word_1_229' title='bbox 924 3633 1250 3729; x_wconf 85' lang='lat' dir='ltr'>pigritiae,</span> <span class='ocrx_word' id='word_1_230' title='bbox 1303 3632 1713 3726; x_wconf 83' lang='lat' dir='ltr'>praenuntia</span> <span class='ocrx_word' id='word_1_231' title='bbox 1766 3632 2235 3726; x_wconf 87' lang='lat' dir='ltr'>paupertatis,</span> <span class='ocrx_word' id='word_1_232' title='bbox 2273 3631 2564 3723; x_wconf 92' lang='lat' dir='ltr'>inutilis,</span> <span class='ocrx_word' id='word_1_233' title='bbox 2616 3634 2829 3705; x_wconf 91' lang='lat' dir='ltr'>steri-</span> 
     </span>
     <span class='ocr_line' id='line_1_27' title="bbox 487 3749 2832 3846; baseline -0 -21"><span class='ocrx_word' id='word_1_234' title='bbox 487 3754 594 3846; x_wconf 84' lang='lat' dir='ltr'>lis,</span> <span class='ocrx_word' id='word_1_235' title='bbox 649 3759 942 3825; x_wconf 90' lang='lat' dir='ltr'>mortua</span> <span class='ocrx_word' id='word_1_236' title='bbox 1010 3752 1189 3824; x_wconf 91' lang='lat' dir='ltr'>dum</span> <span class='ocrx_word' id='word_1_237' title='bbox 1253 3751 1449 3825; x_wconf 82' lang='lat' dir='ltr'>vivit.</span> <span class='ocrx_word' id='word_1_238' title='bbox 1498 3791 1596 3803; x_wconf 96' lang='lat'>—</span> <span class='ocrx_word' id='word_1_239' title='bbox 1635 3754 1942 3823; x_wconf 84' lang='lat' dir='ltr'>Diretr0.</span> <span class='ocrx_word' id='word_1_240' title='bbox 2015 3750 2144 3822; x_wconf 90' lang='lat' dir='ltr'>Hic</span> <span class='ocrx_word' id='word_1_241' title='bbox 2213 3756 2428 3845; x_wconf 91' lang='lat' dir='ltr'>poeta</span> <span class='ocrx_word' id='word_1_242' title='bbox 2488 3749 2832 3824; x_wconf 89' lang='lat' dir='ltr'>describit</span> 
     </span>
     <span class='ocr_line' id='line_1_28' title="bbox 489 3868 2829 3965; baseline -0.002 -19"><span class='ocrx_word' id='word_1_243' title='bbox 489 3878 787 3946; x_wconf 88' lang='lat' dir='ltr'>cantum</span> <span class='ocrx_word' id='word_1_244' title='bbox 842 3872 1174 3963; x_wconf 90' lang='lat' dir='ltr'>istorum,</span> <span class='ocrx_word' id='word_1_245' title='bbox 1210 3875 1283 3942; x_wconf 93' lang='lat' dir='ltr'>et</span> <span class='ocrx_word' id='word_1_246' title='bbox 1327 3870 1497 3943; x_wconf 90' lang='lat' dir='ltr'>dicit</span> <span class='ocrx_word' id='word_1_247' title='bbox 1537 3870 1734 3963; x_wconf 89' lang='lat' dir='ltr'>quod</span> <span class='ocrx_word' id='word_1_248' title='bbox 1770 3870 2005 3965; x_wconf 94' lang='lat' dir='ltr'>primo</span> <span class='ocrx_word' id='word_1_249' title='bbox 2040 3868 2430 3942; x_wconf 88' lang='lat' dir='ltr'>cantabant</span> <span class='ocrx_word' id='word_1_250' title='bbox 2473 3868 2829 3942; x_wconf 87' lang='lat' dir='ltr'>accidiam</span> 
     </span>
     <span class='ocr_line' id='line_1_29' title="bbox 489 3986 2828 4081; baseline 0 -20"><span class='ocrx_word' id='word_1_251' title='bbox 489 3989 1048 4064; x_wconf 71' lang='lat' dir='ltr'>infelicissimam</span> <span class='ocrx_word' id='word_1_252' title='bbox 1106 3988 1597 4062; x_wconf 76' lang='lat' dir='ltr'>hebraeorum.</span> <span class='ocrx_word' id='word_1_253' title='bbox 1648 3989 1754 4062; x_wconf 88' lang='lat' dir='ltr'>Ad</span> <span class='ocrx_word' id='word_1_254' title='bbox 1804 3989 2003 4081; x_wconf 89' lang='lat' dir='ltr'>quod</span> <span class='ocrx_word' id='word_1_255' title='bbox 2054 3993 2162 4061; x_wconf 92' lang='lat' dir='ltr'>est</span> <span class='ocrx_word' id='word_1_256' title='bbox 2212 3986 2588 4061; x_wconf 90' lang='lat' dir='ltr'>sciendum</span> <span class='ocrx_word' id='word_1_257' title='bbox 2628 3989 2828 4080; x_wconf 88' lang='lat' dir='ltr'>quod</span> 
     </span>
     <span class='ocr_line' id='line_1_30' title="bbox 488 4106 2825 4207; baseline -0 -27"><span class='ocrx_word' id='word_1_258' title='bbox 488 4110 686 4182; x_wconf 88' lang='lat' dir='ltr'>nulla</span> <span class='ocrx_word' id='word_1_259' title='bbox 714 4130 894 4204; x_wconf 89' lang='lat' dir='ltr'>gens</span> <span class='ocrx_word' id='word_1_260' title='bbox 921 4109 1152 4204; x_wconf 88' lang='lat' dir='ltr'>magis</span> <span class='ocrx_word' id='word_1_261' title='bbox 1189 4109 1515 4207; x_wconf 87' lang='lat' dir='ltr'>peccavit</span> <span class='ocrx_word' id='word_1_262' title='bbox 1541 4130 1673 4201; x_wconf 92' lang='lat' dir='ltr'>per</span> <span class='ocrx_word' id='word_1_263' title='bbox 1699 4108 2304 4200; x_wconf 85' lang='lat' dir='ltr'>accidiamquam</span> <span class='ocrx_word' id='word_1_264' title='bbox 2336 4106 2630 4199; x_wconf 82' lang='lat' dir='ltr'>hebraei,</span> <span class='ocrx_word' id='word_1_265' title='bbox 2652 4126 2825 4179; x_wconf 92' lang='lat' dir='ltr'>cum</span> 
     </span>
     <span class='ocr_line' id='line_1_31' title="bbox 489 4226 2827 4324; baseline 0 -23"><span class='ocrx_word' id='word_1_266' title='bbox 489 4229 687 4302; x_wconf 91' lang='lat' dir='ltr'>nulla</span> <span class='ocrx_word' id='word_1_267' title='bbox 715 4229 946 4324; x_wconf 88' lang='lat' dir='ltr'>magis</span> <span class='ocrx_word' id='word_1_268' title='bbox 982 4235 1359 4303; x_wconf 91' lang='lat' dir='ltr'>teneretur</span> <span class='ocrx_word' id='word_1_269' title='bbox 1393 4248 1840 4322; x_wconf 89' lang='lat' dir='ltr'>cognoscere</span> <span class='ocrx_word' id='word_1_270' title='bbox 1867 4229 2105 4302; x_wconf 91' lang='lat' dir='ltr'>Deum</span> <span class='ocrx_word' id='word_1_271' title='bbox 2133 4233 2208 4300; x_wconf 93' lang='lat' dir='ltr'>et</span> <span class='ocrx_word' id='word_1_272' title='bbox 2234 4246 2574 4320; x_wconf 85' lang='lat' dir='ltr'>quaerere</span> <span class='ocrx_word' id='word_1_273' title='bbox 2598 4226 2827 4301; x_wconf 91' lang='lat' dir='ltr'>bene-</span> 
     </span>
    </p>
   </div>
   <div class='ocr_carea' id='block_1_2' title="bbox 607 4424 2704 4660">
    <p class='ocr_par' dir='ltr' id='par_1_3' title="bbox 607 4424 2704 4660">
     <span class='ocr_line' id='line_1_32' title="bbox 611 4424 2704 4509; baseline -0.001 -13"><span class='ocrx_word' id='word_1_274' title='bbox 611 4448 667 4509; x_wconf 88' lang='lat'>(¹)</span> <span class='ocrx_word' id='word_1_275' title='bbox 697 4448 757 4496; x_wconf 80' lang='lat' dir='ltr'>E.</span> <span class='ocrx_word' id='word_1_276' title='bbox 791 4446 906 4496; x_wconf 85' lang='lat' dir='ltr'>Hoc</span> <span class='ocrx_word' id='word_1_277' title='bbox 939 4447 1143 4506; x_wconf 86' lang='lat' dir='ltr'>dicitur,</span> <span class='ocrx_word' id='word_1_278' title='bbox 1178 4448 1312 4509; x_wconf 74' lang='lat' dir='ltr'>quin.</span> <span class='ocrx_word' id='word_1_279' title='bbox 1658 4443 1713 4506; x_wconf 90' lang='lat'>(¹)</span> <span class='ocrx_word' id='word_1_280' title='bbox 1750 4424 1856 4501; x_wconf 74' lang='lat' dir='ltr'>1i7,</span> <span class='ocrx_word' id='word_1_281' title='bbox 1889 4444 2032 4507; x_wconf 88' lang='lat' dir='ltr'>loqui</span> <span class='ocrx_word' id='word_1_282' title='bbox 2066 4450 2280 4507; x_wconf 80' lang='lat' dir='ltr'>propter</span> <span class='ocrx_word' id='word_1_283' title='bbox 2313 4458 2564 4504; x_wconf 84' lang='lat' dir='ltr'>cursum;</span> <span class='ocrx_word' id='word_1_284' title='bbox 2599 4458 2704 4493; x_wconf 84' lang='lat' dir='ltr'>ma.</span> 
     </span>
     <span class='ocr_line' id='line_1_33' title="bbox 607 4521 2381 4584; baseline -0.002 -10"><span class='ocrx_word' id='word_1_285' title='bbox 607 4523 661 4584; x_wconf 83' lang='lat'>(⁸)</span> <span class='ocrx_word' id='word_1_286' title='bbox 698 4527 806 4584; x_wconf 89' lang='grc'><strong>117,</strong></span> <span class='ocrx_word' id='word_1_287' title='bbox 841 4524 1083 4573; x_wconf 78' lang='lat' dir='ltr'>facerem.</span> <span class='ocrx_word' id='word_1_288' title='bbox 1661 4522 1713 4581; x_wconf 78' lang='lat'>(⁸)</span> <span class='ocrx_word' id='word_1_289' title='bbox 1747 4524 1854 4582; x_wconf 85' lang='grc'><strong>117,</strong></span> <span class='ocrx_word' id='word_1_290' title='bbox 1890 4523 2143 4583; x_wconf 79' lang='lat' dir='ltr'>particula</span> <span class='ocrx_word' id='word_1_291' title='bbox 2176 4521 2228 4570; x_wconf 87' lang='lat' dir='ltr'>in</span> <span class='ocrx_word' id='word_1_292' title='bbox 2262 4536 2381 4584; x_wconf 79' lang='lat' dir='ltr'>qua.</span> 
     </span>
     <span class='ocr_line' id='line_1_34' title="bbox 611 4599 1141 4660; baseline -0.002 -11"><span class='ocrx_word' id='word_1_293' title='bbox 611 4600 666 4660; x_wconf 84' lang='lat'>(⁸)</span> <span class='ocrx_word' id='word_1_294' title='bbox 701 4602 809 4660; x_wconf 87' lang='grc'><strong>117,</strong></span> <span class='ocrx_word' id='word_1_295' title='bbox 840 4599 1141 4649; x_wconf 81' lang='lat' dir='ltr'>ostenderit.</span> 
     </span>
    </p>
   </div>
  </div>
 </body>
</html>
