3704 5559
795 474 936 542 364
1515 488 1925 542 commum
1975 488 2415 542 punem-ona

789 633 908 703 che
949 654 1082 725 per
1149 636 1193 705 l’
1219 634 1474 706 orribil
1527 640 1836 725 coslum,
1888 633 2094 726 idest,
2147 633 2414 706 duram
2476 639 2814 705 suturam
2880 631 3138 705 oculo-

802 772 970 823 rum
1035 751 1302 826 factam
1370 774 1543 826 cum
1597 753 1716 826 filo
1770 753 1971 848 ferri,
2019 757 2425 845 pianyevan
2473 745 2533 825 εὶ
2582 755 2700 825 che
2758 753 3141 843 baynavan

794 872 855 941 le
900 878 1082 962 yote,
1128 873 1301 964 quia
1347 872 1822 966 deplorabant
1873 874 2158 946 cultum
2198 872 2506 946 invidiae.
2538 913 2636 925 —-
2678 877 2971 945 Vols-imi.
3010 873 3140 947 Hic

797 997 1009 1085 poeta
1061 993 1261 1087 ponit
1309 1014 1524 1066 suam
1576 994 1988 1067 orationem
2049 994 2354 1067 brevem
2405 993 2499 1067 ad
2550 993 2776 1067 dictas
2837 993 3138 1066 umbras

795 1109 868 1181 in
919 1113 1269 1206 generali,
1323 1119 1397 1185 et
1449 1112 1616 1186 facit
1667 1113 2058 1187 exordium
2111 1134 2285 1186 cum
2339 1114 2709 1207 petitione,
2762 1112 3039 1186 dicens:
3076 1121 3140 1184 et

794 1232 1226 1302 incomincia’
1251 1234 1349 1322 i0,
1391 1234 1645 1325 supple
1694 1231 1941 1306 dicere
1992 1232 2126 1305 illis
2177 1232 2269 1306 ad
2320 1233 2755 1327 captandam
2807 1232 3132 1306 benevo-

799 1348 1135 1421 lentiam:
1188 1371 1232 1421 o
1280 1359 1477 1441 yeme
1524 1355 1786 1443 sicura,
1822 1373 1954 1446 per
2005 1360 2284 1426 certam
2322 1374 2552 1448 spem,
2588 1356 2664 1426 di
2698 1357 2904 1427 veder
2939 1356 3137 1426 talto

798 1471 1001 1559 lume,
1052 1471 1322 1543 summi
1375 1472 1540 1545 solis
1592 1472 1790 1565 quod
1845 1494 2040 1546 nunc
2086 1473 2343 1547 ‘videre
2395 1494 2538 1546 non
2591 1475 2909 1568 potestis,
2945 1477 3064 1547 che
3088 1477 3140 1547 ’l

797 1590 973 1660 disio
1023 1598 1259 1663 vostro
1311 1596 1461 1664 solo
1511 1594 1604 1664 ha
1649 1596 1725 1664 in
1774 1615 1907 1664 sua
1946 1614 2148 1682 cura,
2200 1594 2372 1686 quia
2408 1599 2645 1666 totum
2691 1593 3135 1668 desiderium

796 1715 1127 1782 vestrum
1179 1712 1644 1786 solummodo
1694 1713 1787 1786 de
1827 1715 1965 1786 hoc
2002 1720 2235 1806 curat,
2275 1734 2409 1787 nec
2450 1715 2670 1788 aliam
2706 1736 2968 1788 curam
3004 1717 3141 1789 ba-

796 1829 973 1903 bere
1023 1832 1318 1925 potestis
1369 1853 1594 1924 quam
1651 1834 1861 1906 istam
1917 1835 2198 1906 solam:
2249 1856 2323 1906 se
2369 1838 2658 1926 yrazia,
2702 1836 2997 1930 scilicet,
3032 1835 3143 1909 di-

798 1948 963 2022 vina
1024 1969 1115 2022 ex
1181 1951 1417 2045 gratia
1481 1952 1795 2046 speciali,
1862 1960 2035 2025 tosto
2092 1957 2361 2027 risolva
2424 1958 2486 2027 le
2549 1958 2872 2046 schinme,
2932 1955 3136 2047 idest,

798 2075 1063 2163 purget
1121 2071 1478 2166 contagia,
1549 2075 1623 2144 di
1696 2079 1937 2144 vostra
1986 2077 2422 2165 condizione,
2488 2082 2572 2148 ut
2623 2076 2917 2168 scilicet,
2964 2095 3140 2170 ape—

798 2186 938 2258 riat
991 2187 1193 2259 vobis
1233 2190 1485 2263 oculos
1520 2191 1830 2283 clausoS‚
1866 2185 1925 2263 εὶ
1974 2194 2095 2265 che
2118 2196 2170 2265 ’l
2192 2196 2402 2285 fiume
2434 2196 2618 2267 della
2655 2202 2898 2287 mente,
2934 2195 3138 2287 idest,

800 2304 1035 2399 gratia
1096 2306 1358 2380 divinae
1424 2310 1706 2402 mentis,
1779 2313 2037 2382 scenda
2096 2315 2367 2403 chiam,
2444 2314 2598 2387 sine
2662 2313 2953 2407 nebula,
3003 2334 3141 2406 per

801 2447 985 2516 essa,
1037 2426 1326 2521 scilicet,
1362 2429 1850 2504 conditionem
1904 2439 2224 2506 vestram
2268 2434 2630 2527 caecitatis,
2668 2434 2875 2527 quasi
2923 2434 3135 2527 dicat,

801 2552 885 2617 ut
916 2552 1123 2619 actus
1150 2548 1392 2620 veniat
1417 2548 1509 2621 ad
1537 2550 1815 2643 patiens
1849 2551 2300 2645 dispositum.
2336 2553 2421 2624 Et
2448 2553 2550 2626 sic
2576 2552 2741 2626 vide
2767 2553 3139 2646 quomodo

800 2666 1124 2759 loquitur
1175 2666 1497 2741 breviter
1566 2675 1639 2742 et
1707 2671 2067 2744 subtiliter
2118 2672 2336 2765 juxta
2395 2672 2785 2755 consilium
2841 2672 3137 2770 Virgilii,

799 2785 926 2859 sed
959 2792 1355 2880 antequam
1400 2789 1538 2862 hoc
1590 2789 1734 2882 fiat,
1773 2794 2030 2882 dicerni,
2066 2785 2191 2863 clze*
2226 2795 2321 2864 mi
2353 2794 2456 2882 fia
2488 2796 2827 2883 yrazioso
2862 2815 2899 2866 e
2940 2813 3138 2884 carn,

800 2907 1001 3001 idest,
1057 2909 1229 3001 quia
1282 2909 1420 2983 erit
1472 2909 1646 2982 mihi
1692 2917 1991 3005 gratum
2024 2904 2095 3002 (¹)
2137 2918 2211 2985 et
2244 2933 2531 3006 carum,
2566 2916 2621 2985 s’
2648 2917 2891 2987 anima
2943 2911 2984 2987 e*
3029 2916 3146 3006 qm·

802 3035 917 3100 tra
969 3033 1107 3119 voi,
1173 3029 1247 3101 in
1298 3035 1495 3105 secta
1548 3029 1990 3124 invidorum,
2027 3034 2146 3104 che
2185 3036 2297 3104 sia
2346 3036 2594 3124 latina,
2635 3033 2821 3108 idest
2856 3035 3139 3108 italica:

798 3148 891 3221 de
941 3148 1049 3220 his
1101 3148 1297 3222 enim
1368 3156 1451 3222 ut
1502 3150 1905 3243 plurimum
1961 3159 2175 3244 poeta
2229 3152 2530 3244 inquirit
2577 3159 2955 3247 tamquam
3006 3173 3142 3226 no-

799 3267 1174 3341 bilioribus
1220 3275 1294 3341 et
1325 3268 1778 3363 dignioribus
1815 3271 2198 3365 memoria,
2237 3272 2576 3363 quamvis
2611 3265 3139 3366 peccatoribuS‚

799 3391 883 3457 ut
933 3384 1102 3456 satis
1153 3393 1352 3479 patet
1409 3388 1482 3459 in
1544 3394 1696 3461 toto
1757 3397 2097 3483 poemate
2160 3392 2365 3484 eius3
2421 3397 2494 3464 et
2545 3391 2897 3485 promittit
2956 3412 3144 3487 prae-

801 3503 1032 3575 mium
1087 3510 1169 3575 ut
1219 3504 1497 3578 facilius
1547 3516 2046 3602 consequatur
2099 3510 2296 3603 quod
2330 3511 2528 3604 petit,
2563 3511 2850 3585 dicens:
2885 3532 2924 3584 e
2948 3514 3146 3606 forse

800 3645 848 3695 a
875 3626 986 3714 lei,
1012 3623 1214 3719 idest,
1245 3625 1368 3698 tali
1394 3626 1684 3721 animae,
1711 3620 1877 3700 serci
1910 3632 2120 3719 buon,
2148 3630 2331 3704 idest
2368 3631 2544 3704 utile
2577 3638 2652 3704 et
2689 3631 3140 3726 honorabile,

799 3745 971 3838 quia
1023 3745 1301 3841 rogabo
1351 3768 1484 3840 pro
1536 3768 1647 3841 ea,
1684 3756 1758 3822 et
1807 3749 1997 3823 dabo
2032 3749 2163 3823 sibi
2200 3750 2497 3845 famam,
2534 3755 2591 3823 s’
2619 3755 2689 3824 io
2740 3755 3143 3845 la’mpar0‚

798 3864 1001 3958 idest,
1054 3865 1112 3937 si
1163 3866 1384 3939 disco,
1412 3908 1511 3920 —
1546 3873 1625 3940 O.
1670 3869 1801 3941 Hic
1852 3877 2065 3963 poeta
2102 3870 2301 3964 ponit
2338 3871 2886 3965 responsionem
2925 3871 3144 3945 unius

795 3984 1063 4057 animae
1113 3985 1501 4080 singularis
1552 3987 1815 4062 invidae
1864 3988 1957 4061 ad
2011 4010 2231 4062 suum
2285 3989 2707 4082 quaesitum,
2760 4012 2928 4084 quae
2979 4011 3147 4065 cor-

795 4102 963 4197 rigit
1013 4102 1291 4176 dictum
1345 4111 1615 4197 poetae3
1668 4111 1741 4178 et
1792 4107 1949 4178 haec
2000 4107 2248 4180 anima
2298 4116 2460 4183 erat
2495 4108 2835 4201 quaedam
2874 4109 3145 4185 mulier

794 4222 1115 4295 senensis
1168 4224 1465 4298 nomine
1516 4225 1750 4319 sapia,
1806 4247 1975 4319 quae
2027 4227 2237 4301 dicit:
2305 4232 2367 4302 0
2408 4233 2599 4323 frate
2651 4234 2818 4322 mic,
2870 4232 3142 4306 carita-

793 4340 941 4414 tive
990 4349 1206 4415 vocat
1254 4363 1427 4417 eum
1480 4345 1808 4438 fratrem,
1869 4350 2224 4440 ciascuna,
2267 4349 2560 4443 scilicet,
2614 4352 2884 4446 anima,
2937 4347 2982 4425 e*
3018 4354 3147 4425 cit·-

921 4607 975 4669 (¹)
1007 4607 1058 4658 S.
1093 4609 1396 4676 gratiosum.
