3704 5559
1157 508 1435 563 CANTUs
1487 509 1800 563 nsscmus
1850 510 2137 563 sunus.
2672 500 2813 567 439

472 664 633 731 tero
701 654 990 728 habebo
1059 652 1475 746 opinionem
1545 654 1783 748 istam,
1869 675 2113 749 neque
2184 654 2392 730 alteri
2464 657 2812 732 suadebo,

470 775 743 851 Deinde
795 775 1082 848 Marcus
1118 794 1208 848 ex
1252 774 1481 868 dictis,
1516 775 1863 851 damnata
1898 777 2134 870 prima
2176 783 2384 870 parte
2418 777 2818 852 distinctio-

475 897 584 970 nis
662 903 1041 989 tamquam
1121 894 1321 988 salsa,
1387 896 1753 970 concludit
1827 897 2223 970 secundam
2305 903 2583 990 partem
2657 918 2818 973 esse

473 1039 755 1110 veram,
807 1016 1093 1089 dicens:
1138 1008 1343 1107 pero,
1378 1037 1452 1087 se
1484 1019 1534 1087 ’l
1563 1019 1821 1088 mondo
1851 1023 2199 1108 presente,
2234 1015 2438 1109 idest,
2483 1018 2815 1091 homines

473 1134 1023 1232 praesentialiter
1074 1135 1401 1209 viventes
1454 1135 1527 1207 in
1565 1134 1866 1229 mundo,
1902 1139 2154 1224 disvia,
2190 1135 2458 1209 scilicet
2508 1157 2553 1210 a
2607 1142 2809 1209 recta

475 1256 592 1332 via
645 1257 1003 1329 virtutum
1054 1262 1129 1329 et
1183 1276 1505 1347 morum,
1554 1259 1628 1327 in
1695 1259 1808 1328 voi
1856 1252 1896 1329 e*
1946 1258 2018 1327 la
2080 1258 2397 1345 cayione,
2451 1255 2620 1348 quia
2674 1256 2815 1330 sci-

474 1377 663 1470 licet,
716 1382 825 1450 est
877 1376 1089 1471 culpa
1144 1375 1548 1469 hominum,
1604 1396 1749 1449 non
1800 1375 2205 1469 coelorum3
2244 1382 2314 1449 et
2350 1375 2537 1467 ideo,
2591 1378 2665 1447 in
2701 1380 2815 1448 voi

472 1500 535 1568 si
581 1498 895 1585 cheyyia,
935 1494 1010 1567 in
1045 1494 1312 1588 quibus
1364 1493 1796 1569 invenietur.
1843 1494 1914 1567 Si
1958 1494 2145 1569 sorte
2178 1495 2387 1568 dicis:
2425 1502 2499 1569 et
2550 1515 2810 1589 quare,

478 1623 559 1689 ut
598 1616 856 1708 dixisti,
892 1616 1162 1689 coelum
1209 1635 1340 1689 nos
1390 1615 1683 1688 inclinat
1730 1615 1823 1688 ad
1876 1614 2379 1708 peccandum?
2413 1615 2573 1689 dico
2614 1615 2812 1708 quod

477 1737 650 1809 nihil
701 1742 845 1829 est3
897 1737 1068 1828 quia
1121 1735 1275 1829 pari
1329 1734 1548 1807 modo
1612 1734 1849 1808 forma
1914 1734 2241 1808 mulieris
2303 1735 2522 1809 allicit
2573 1734 2811 1809 visum

479 1866 716 1950 tuum,
770 1864 844 1930 et
893 1878 1109 1952 sapor
1163 1857 1310 1930 vini
1344 1862 1668 1952 gustum,
1706 1861 1779 1928 et
1814 1864 2064 1930 tamen
2102 1856 2368 1929 mulier
2404 1857 2523 1930 vel
2556 1856 2809 1929 vinum

476 1998 623 2052 non
656 1984 766 2051 est
800 1978 872 2051 in
908 1979 1141 2071 culpa.
1173 1978 1261 2050 Et
1285 1976 1454 2050 dicit
1479 1976 1801 2049 Marcus:
1839 1983 1905 2047 et
1933 1978 2003 2047 io
2038 1982 2098 2047 te
2133 1997 2219 2047 ne
2250 1968 2422 2048 saro
2456 1997 2544 2048 or
2577 1978 2810 2048 buona

474 2101 657 2189 spia,
713 2098 920 2190 quasi
973 2097 1206 2170 dicat:
1262 2116 1471 2169 more
1524 2095 1693 2168 boni
1756 2095 2239 2189 exploratoris
2309 2095 2621 2169 reseram
2687 2096 2810 2169 tibi

481 2222 867 2295 veritatem
921 2221 1279 2294 subtiliter
1329 2220 1833 2316 investigatam
1887 2220 1980 2294 de
2046 2220 2317 2310 aalma,
2371 2226 2446 2293 et
2495 2240 2688 2295 ecce.
2719 2260 2817 2273 —

480 2346 672 2414 Eece.
715 2341 844 2414 Hic
876 2342 1163 2414 Marcus
1212 2340 1525 2414 ostendit
1574 2340 1983 2413 libertatem
2028 2340 2293 2413 animae
2331 2360 2499 2433 quae
2533 2360 2577 2413 a
2612 2340 2815 2434 prin-

475 2462 659 2556 cipio
712 2462 930 2535 habet
979 2461 1402 2556 potentiam,
1440 2460 1565 2534 sed
1603 2481 1749 2534 non
1801 2481 2021 2532 usum
2059 2459 2263 2533 liberi
2300 2460 2612 2533 arbitrii:
2651 2460 2814 2537 ideo

477 2583 819 2677 incipiens
853 2583 948 2656 ab
983 2582 1133 2675 ipsa
1172 2581 1408 2676 prima
1447 2581 1805 2654 infusione
1830 2579 2142 2654 ostendit
2169 2580 2540 2673 quomodo
2568 2580 2813 2653 anima

476 2702 692 2776 datur
741 2724 785 2776 a
836 2703 990 2778 Deo
1049 2721 1236 2797 pura
1296 2708 1370 2775 et
1431 2702 1923 2774 immaculata.
1990 2700 2258 2773 Ordina
2319 2699 2420 2773 sic
2484 2699 2809 2772 literam:

476 2826 782 2896 l’anima
832 2827 1269 2915 sempliceua,
1336 2823 1510 2916 quia
1575 2828 1684 2895 est
1746 2827 2127 2914 tamquam
2196 2821 2443 2893 tabula
2499 2841 2686 2912 rasa,
2740 2820 2813 2892 in

481 2963 627 3035 qua
682 2941 850 3014 nihil
903 2949 1010 3015 est
1059 2943 1449 3038 depictum,
1504 2947 1671 3036 apta
1724 2946 1895 3015 nata
1947 2941 2277 3034 recipere
2310 2959 2607 3012 omnem
2668 2940 2809 3011 im-

475 3062 948 3157 pressionem,
987 3062 1296 3136 sormam
1337 3069 1411 3136 et
1451 3061 1765 3158 figuram
1805 3058 2368 3156 imprimendam
2420 3059 2575 3151 sibi,
2611 3061 2812 3131 salvo

475 3186 593 3258 che
640 3206 877 3257 mossa
927 3187 1023 3258 da
1074 3187 1227 3256 lieto
1273 3188 1556 3277 fauore,
1592 3183 1884 3275 scilicet,
1928 3204 1972 3255 a
2006 3182 2159 3255 Deo
2193 3186 2515 3273 creante,
2569 3181 2815 3251 volon-

480 3307 608 3377 lier
661 3312 895 3393 torna,
948 3309 1333 3398 postquam
1388 3308 1496 3376 est
1536 3301 1773 3376 infusa
1814 3300 2127 3396 corpori,
2164 3321 2212 3371 a
2247 3292 2353 3372 οἱὸ
2387 3302 2505 3371 che
2544 3303 2615 3372 la
2665 3307 2817 3372 tra-

475 3426 707 3513 stulla,
726 3423 906 3496 idest
932 3422 971 3465 *
989 3423 1324 3515 delectat,
1353 3442 1500 3493 esce
1525 3423 1601 3493 di
1632 3442 1842 3494 mano
1871 3443 1918 3493 a
1945 3424 2064 3511 lui,
2084 3443 2128 3494 a
2157 3421 2329 3514 Deo,
2357 3422 2477 3492 che
2512 3422 2818 3509 vaqlzeq-

471 3548 619 3636 ρέα,
672 3537 1018 3635 idest*(¹)
1070 3542 1323 3615 alludit
1375 3541 1529 3634 sibi,
1574 3544 1816 3632 prima
1848 3544 1968 3614 che
2000 3545 2135 3631 sia,
2171 3541 2375 3634 idest,
2411 3547 2812 3633 antequam

475 3666 897 3739 infundatur
948 3662 1261 3757 corpori,
1316 3683 1364 3733 a
1411 3665 1615 3753 ,quis-a
1666 3665 1739 3734 di
1782 3665 2147 3754 sanciulla,
2202 3660 2407 3752 idest,
2452 3680 2540 3734 eo
2594 3659 2814 3732 modo

475 3805 626 3878 quo
690 3789 898 3878 pater
964 3781 1216 3855 alludit
1277 3781 1671 3874 infantuloe,
1724 3782 1867 3871 che,
1931 3780 2135 3872 idest,
2203 3798 2371 3871 quae
2438 3777 2813 3869 infantula,

468 3904 961 3996 paryoleyqia,
990 3900 1191 3994 idest,
1227 3901 1578 3994 puerizat,
1617 3899 1927 3991 vanizat,
1963 3900 2284 3986 ridendO,
2320 3919 2356 3968 e
2378 3897 2814 3987 pianyendO,

476 4022 671 4118 quia,
726 4028 806 4094 ut
868 4020 1037 4095 dicit
1085 4021 1428 4094 Horatius
1479 4021 1572 4096 de
1622 4040 1891 4115 puero:
1944 4021 2132 4090 iram
2183 4019 2440 4106 colliyit
2486 4024 2550 4087 el
2597 4019 2812 4107 depo-

476 4147 580 4216 nit
624 4150 690 4215 et
735 4148 1042 4214 mutatur
1089 4145 1164 4213 in
1213 4144 1450 4213 horas.
1481 4181 1580 4193 —
1605 4143 1701 4212 Di
1721 4141 2039 4231 picciola
2078 4137 2207 4210 Hic
2248 4137 2533 4209 Marcus
2568 4142 2816 4208 osten-

476 4262 579 4334 dit
628 4260 803 4355 quid
855 4259 1093 4355 primo
1145 4260 1490 4353 impediat
1540 4260 1890 4353 animam,
1931 4258 2102 4352 quia
2154 4258 2343 4330 sicut
2391 4276 2657 4349 corpus
2709 4260 2820 4330 est

475 4379 908 4455 naturaliter
959 4380 1162 4474 prius
1214 4401 1437 4473 quam
1493 4379 1762 4472 anima,
1800 4380 1898 4452 ita
1950 4384 2237 4473 oportet
2273 4376 2509 4472 primo
2546 4376 2821 4451 habere

600 4636 654 4699 (¹)
687 4637 759 4687 Le
790 4636 971 4699 parole
1001 4635 1082 4686 fra
1112 4637 1128 4686 i
1162 4637 1264 4686 due
1297 4635 1563 4686 asterischi
1595 4649 1688 4686 sou
1721 4635 1945 4698 supplite
1976 4634 2061 4684 dal
2091 4632 2278 4684 Codice
2315 4637 2421 4682 11⁷.
