3704 5559
885 503 1026 568 490
1603 513 2010 568 COMENTUM
2060 513 2507 567 PURGATORII

876 660 1120 732 carius
1185 659 1398 732 Petri.
1462 659 1779 732 Demum
1844 658 2257 733 Fridericus
2310 679 2446 752 pro
2497 657 2986 734 satisfactione
3050 682 3221 735 cum

879 781 1225 854 universo
1293 779 1624 854 exercitu
1705 778 2036 852 transivit
2115 779 2190 851 in
2255 778 2541 873 Syriam
2611 777 2703 852 ad
2776 779 3218 875 redemptio-

845 920 1046 974 nem
1080 894 1151 991 (⁴)
1191 900 1436 973 Terrae
1472 898 1777 990 Sanctae,
1816 905 1891 971 et
1941 897 2340 972 suffocatus
2375 904 2484 971 est
2520 898 2592 970 in
2634 899 2937 974 flumine
2973 899 3220 976 Antio-

879 1019 1085 1111 chiae,
1137 1039 1309 1091 cum
1363 1038 1443 1092 se
1494 1019 1775 1091 lavaret
1824 1018 2071 1091 calore
2121 1017 2390 1091 aestivo.
2452 1018 2661 1091 Nunc
2719 1019 3076 1093 veniendo
3125 1021 3216 1094 ad

879 1138 1192 1229 literam,
1244 1137 1416 1210 dicit
1465 1137 1600 1210 iste
1651 1136 1978 1231 spiritus:
2041 1141 2122 1208 Io
2181 1140 2290 1229 fui
2349 1137 2573 1226 abate,
2626 1143 2700 1210 et
2748 1145 3052 1212 vocatus
3110 1147 3219 1212 est

878 1256 1104 1329 abbas
1154 1255 1518 1349 AlbertuS,
1553 1256 1685 1330 wvir
1735 1255 1974 1328 bonus
2026 1256 2358 1329 moribus
2408 1261 2482 1329 et
2531 1256 2715 1328 vita:
2766 1276 3015 1350 quem,
3052 1259 3220 1351 quia

882 1382 1098 1469 poeta
1151 1381 1459 1448 noverat
1485 1365 1559 1465 (²)
1605 1373 1827 1447 fuisse
1864 1375 2073 1448 valde
2107 1374 2550 1447 accidiosum
2593 1377 2763 1466 <quo
2808 1375 2981 1449 vitio
3017 1378 3221 1451 labo-

882 1501 1045 1567 rant
1081 1494 1290 1566 multi
1326 1494 1626 1587 praelati)
1664 1493 1825 1566 ideo
1867 1493 2101 1587 ipsum
2139 1493 2532 1567 introducit
2583 1493 2699 1567 hic
2757 1494 2858 1566 sic
2910 1496 3220 1588 loquen-

876 1620 1050 1688 tem.
1107 1615 1193 1686 Et
1243 1613 1469 1709 tangit
1521 1614 1791 1706 locum,
1826 1611 2118 1686 dicens:
2155 1616 2231 1684 in
2265 1617 2409 1685 San
2451 1620 2634 1685 Zeno
2671 1635 2719 1685 a
2767 1619 3060 1686 Verona.
3114 1616 3220 1688 Ad

878 1734 1075 1826 quod
1124 1734 1553 1825 notandum,
1607 1732 1803 1826 quod
1856 1734 2048 1805 Zeno
2099 1732 2235 1804 fuit
2286 1739 2589 1806 octavus
2650 1733 3031 1828 episcopus
3078 1736 3219 1809 Ve-

879 1873 1081 1927 ronae
1130 1874 1324 1926 anno
1375 1851 1660 1926 Domini
1704 1851 1969 1943 CLXV,
2007 1851 2423 1944 pontificatu
2469 1851 2787 1947 Dionysii
2839 1873 3064 1947 papae,
3111 1853 3223 1926 vir

878 1992 1167 2069 magnae
1216 1973 1633 2063 sanctitatis,
1671 1972 2013 2064 scientiae,
2057 1978 2131 2045 et
2172 1972 2646 2064 eloquentiae3
2690 1972 2815 2064 qui
2869 1972 3096 2045 multa
3138 1979 3214 2045 et

878 2093 1133 2186 pulcra
1186 2091 1560 2165 volumina
1598 2090 1816 2164 edidit
1858 2090 1931 2162 in
1985 2111 2191 2165 sacra
2225 2092 2607 2185 scriptura.
2646 2092 2831 2165 Nota
2861 2082 2935 2183 (³)
2972 2091 3216 2184 etiam,

881 2210 1080 2304 quod
1130 2215 1423 2282 sanctus
1475 2212 1667 2283 Zeno
1719 2216 1830 2284 est
1882 2211 1953 2282 in
2008 2211 2241 2284 tribus
2276 2211 2450 2285 locis
2494 2212 2567 2284 in
2603 2213 2916 2305 Verona,
2952 2211 3218 2284 scilicet

883 2330 959 2402 in
997 2336 1289 2421 monte3
1325 2329 1509 2401 alius
1533 2329 1747 2422 juxta
1782 2329 2132 2422 Athesim,
2175 2336 2249 2402 et
2289 2337 2399 2404 est
2438 2351 2751 2424 parvum
2788 2331 3215 2421 oratorium,

882 2449 1038 2521 sive
1086 2469 1316 2542 parva
1367 2448 1687 2541 capella:
1726 2454 1801 2521 et
1832 2447 1926 2521 de
1960 2448 2095 2521 isto
2140 2449 2383 2541 cred0,
2420 2449 2618 2541 quod
2668 2469 2814 2522 non
2864 2450 3211 2542 loquatur

879 2567 1141 2660 beatus
1183 2566 1583 2663 Gregorius
1633 2567 1707 2639 in
1758 2567 2231 2662 Dialogorum
2289 2568 2495 2658 libro,
2542 2567 2665 2640 ubi
2716 2568 2984 2661 scribit,
3021 2567 3215 2661 quod

877 2708 1052 2760 cum
1106 2687 1334 2760 semel
1385 2685 1666 2760 Athesis
1702 2687 1967 2759 fluvius
2012 2686 2432 2760 inundasset
2474 2687 2838 2761 civitatem
2886 2689 3215 2779 Veronae,

872 2828 1070 2900 aqua
1139 2828 1285 2881 non
1337 2807 1654 2881 intrabat
1707 2828 1837 2901 per
1891 2807 2241 2881 fenestras
2311 2807 2634 2880 ecclesiae
2711 2808 2937 2880 sancti
2991 2810 3216 2881 Zeno-

875 2926 1029 2998 nis:
1085 2933 1159 3000 et
1218 2933 1326 3000 est
1378 2927 1637 3000 tertius
1688 2932 1982 3000 sanctus
2034 2927 2225 2999 Zeno
2294 2926 2509 3021 longe
2559 2946 2603 2998 a
2656 2926 2956 3000 flumine
3009 2927 3213 3019 quasi

872 3066 1004 3139 per
1047 3047 1330 3140 jactum
1395 3046 1541 3139 teli,
1593 3046 1804 3120 cuius
1865 3045 2169 3119 ecclesia
2234 3046 2511 3118 nullam
2574 3046 2716 3119 vidi
2768 3048 3211 3139 pulcriorem

873 3164 945 3236 in
997 3165 1308 3239 Verona.
1365 3166 1451 3238 Et
1501 3164 1594 3239 de
1645 3166 1781 3247 isto
1831 3165 2050 3239 debet
2110 3164 2405 3259 intelligi
2476 3165 2591 3238 hic
2653 3186 2786 3259 per
2850 3168 3211 3240 excellen-

873 3282 1074 3372 tiam,
1126 3289 1199 3356 et
1250 3284 1422 3374 quia
1476 3284 1632 3356 haec
1695 3284 2003 3358 ecclesia
2062 3283 2283 3356 habet
2335 3284 2754 3374 monachoS,
2810 3291 2883 3357 et
2936 3285 3027 3357 ibi
3080 3284 3213 3357 fuit

872 3399 1098 3472 abbas
1150 3400 1284 3474 iste
1334 3400 1699 3494 AlbertuS,
1752 3401 1879 3493 qui
1931 3402 2046 3475 hic
2098 3402 2445 3495 loquitur.
2497 3403 2585 3474 Et
2633 3402 2975 3475 describit
3028 3410 3217 3477 tem-

873 3538 1012 3611 pus
1071 3539 1117 3592 a
1176 3517 1522 3613 principe,
1574 3520 1856 3592 dicens:
1911 3527 2085 3592 sotto
2137 3523 2180 3591 l’
2209 3523 2503 3612 imperio
2551 3524 2666 3593 del
2711 3523 2892 3594 buon
2934 3525 3216 3594 Barba-

873 3657 1085 3708 rossa
1100 3664 1128 3729 ,·
1172 3646 1386 3712 vocat
1420 3638 1870 3713 Fridericum
1917 3640 2219 3731 bonum,
2263 3640 2434 3732 quia
2479 3639 2614 3712 fuit
2655 3641 2766 3714 vir
2817 3641 3213 3733 virtuosuS,

874 3763 1242 3851 strenuus,
1321 3759 1571 3855 largus
1646 3758 2135 3853 triumphator
2196 3766 2272 3833 et
2332 3780 2642 3854 corpore
2692 3762 2968 3854 pulcer,
3040 3766 3110 3834 et
3169 3780 3213 3832 a

873 3877 1122 3950 colore
1172 3878 1683 3952 denominatus
1745 3884 1856 3952 est
1920 3882 2392 3952 Barbarossa.
2458 3881 2544 3952 Et
2602 3881 2833 3976 tangit
2891 3881 3214 3975 singula-

869 4015 1030 4069 rem
1088 3997 1463 4071 victoriam
1529 3998 1711 4091 eius,
1763 3998 2056 4072 dicens:
2110 4002 2186 4071 di
2234 4003 2346 4072 eui
2390 4002 2658 4073 dolente
2716 4021 2940 4073 ancor
2993 4003 3215 4073 Milan

865 4119 1219 4209 mmmm,-
1271 4119 1443 4210 quia
1495 4118 1825 4192 dolenter
1880 4126 2245 4193 memorat
2297 4121 2588 4194 ruinam
2627 4142 2861 4194 suam.
2899 4121 3084 4193 Nam
3129 4120 3201 4192 in

866 4233 1025 4307 eius
1078 4237 1461 4310 eversione
1512 4238 1934 4335 octuaginta
1984 4238 2131 4312 duo
2184 4240 2404 4312 millia
2458 4241 2844 4319 hominum
2884 4240 3209 4335 dispersa

864 4351 1249 4444 dicuntur3
1289 4354 1383 4428 ita
1422 4362 1505 4427 ut
1552 4357 1773 4450 aliqui
1811 4358 2281 4433 transiverint
2314 4359 2406 4432 ad
2444 4360 2799 4434 barbaras
2842 4361 3205 4433 nationes:

990 4612 1044 4675 (¹)
1078 4613 1138 4664 Β.
1171 4616 1639 4678 recuperationem.
1819 4613 1877 4677 (²)
1908 4615 1970 4665 E.
2005 4621 2302 4680 agnoverat.
2470 4616 2525 4678 (¹)
2562 4620 2670 4678 11⁷,
2705 4616 3002 4668 Notandum
3034 4617 3207 4667 ctiam.
