3704 5559
877 464 1017 528 524
1599 471 2009 525 com-:mum
2060 472 2497 526 Pnnouonn

876 643 1098 694 mam.
1138 620 1339 693 Unde
1375 618 1580 693 dicit:
1617 621 1673 690 s’
1697 622 1767 691 io
1801 620 2079 690 ritorno
2130 639 2179 690 α
2229 620 2497 709 compir
2532 621 2602 689 lo
2644 619 2943 689 commin
2993 623 3219 708 corta,

878 741 1059 815 idest
1087 734 1184 835 (¹),
1238 745 1574 814 revertar
1623 738 1715 813 ad
1768 737 2132 811 mundum
2182 736 2275 811 ad
2324 736 2831 832 peragendum
2871 735 3046 808 illud
3099 756 3221 810 re-

876 861 1163 956 liquum
1215 861 1382 938 vitae
1433 859 1631 954 quod
1691 859 1870 931 mihi
1938 863 2185 951 restat,
2242 858 2440 952 quod
2505 863 2615 931 est
2646 856 3217 950 brevissimum,

880 981 1047 1055 licet
1097 982 1433 1056 videatur
1483 982 1829 1076 longum3
1884 979 2045 1052 ideo
2097 978 2300 1052 dicit:
2344 981 2420 1051 di
2457 982 2684 1070 quella
2725 982 2892 1069 vita,
2928 978 3218 1071 scilicet,

881 1100 1286 1195 temporali,
1323 1102 1424 1173 clt'
1449 1104 1528 1173 al
1566 1104 1851 1172 termine
1902 1103 2091 1189 vola,
2128 1098 2333 1192 idest,
2367 1099 2460 1172 ad
2511 1104 2828 1173 mortem
2881 1097 3222 1172 citissime

877 1222 1132 1296 currit.
1165 1262 1262 1274 —
1286 1227 1375 1294 Et
1422 1224 1551 1293 elli.
1590 1221 1720 1292 Hic
1755 1226 1969 1314 poeta
2018 1220 2219 1314 ponit
2262 1220 2807 1314 responsionem
2844 1219 3033 1292 illius
3064 1218 3221 1292 ani-

880 1361 1044 1415 mae.
1098 1342 1186 1413 Et
1235 1341 1327 1415 ad
1379 1339 1755 1414 sciendum
1809 1340 2181 1433 quomodo
2231 1346 2444 1434 poeta
2487 1341 2687 1435 juste
2738 1345 3080 1415 movetur
3128 1339 3220 1414 ad

879 1462 1372 1537 damnandam
1433 1461 1645 1535 istam
1711 1460 2037 1554 stirpem,
2110 1466 2219 1534 est
2286 1460 2524 1554 primo
2589 1459 3221 1553 considerandum,

880 1582 1100 1677 quod,
1154 1582 1342 1655 sicut
1391 1582 1465 1654 in
1516 1579 1953 1674 quibusdam
2015 1579 2372 1654 chronicis
2441 1579 2821 1653 memoriae
2873 1581 3221 1654 traditum

881 1702 1268 1797 reperitur,
1323 1721 1414 1776 ex
1465 1700 1816 1795 progenie
1866 1719 2225 1795 generosa
2276 1698 2654 1772 clarissimi
2696 1698 2934 1772 Caroli
2986 1701 3219 1797 Magni

879 1824 1092 1898 multi
1168 1843 1381 1919 reges
1457 1827 1960 1917 regnaverunt
2022 1820 2095 1892 in
2160 1818 2389 1894 Gallia
2448 1839 2582 1912 per
2641 1819 2889 1893 secula
2954 1821 3221 1914 multa3

881 1943 1008 2018 sed
1060 1964 1232 2017 cum
1291 1942 1580 2016 tandem
1637 1940 2106 2015 remansisset
2140 1939 2213 2012 in
2249 1958 2479 2035 regno
2515 1959 2608 2012 ex
2644 1939 3009 2013 Ludovico
3044 1959 3220 2034 rege

883 2064 1124 2137 solum
1177 2062 1471 2156 quidam
1528 2061 1843 2155 pupillus
1896 2080 2044 2132 non
2094 2059 2399 2133 idoneus
2448 2078 2677 2154 regno
2738 2065 3032 2153 propter
3080 2059 3223 2131 im-

885 2179 1350 2254 becillitatem
1384 2179 1638 2272 aetatis,
1675 2179 1890 2273 Hugo
1927 2178 2487 2273 cognominatus
2528 2177 2873 2273 Ciapetta,
2912 2200 3226 2275 magnus

886 2298 1093 2392 regni
1145 2299 1628 2391 senescalcu8‚
1665 2298 1736 2369 in
1780 2297 1992 2370 cuius
2028 2298 2368 2371 manibus
2403 2318 2538 2372 rex
2577 2306 3070 2392 praemortuus
3106 2319 3227 2373 re-

888 2417 1204 2511 liquerat
1253 2417 1576 2491 habenas
1613 2417 1842 2512 regni,
1881 2425 2137 2511 captus
2178 2438 2373 2491 caeca
2408 2418 2797 2512 cupiditate
2850 2419 3221 2515 regnandi.

884 2536 1097 2633 pueri
1148 2537 1293 2610 fata
1345 2537 1719 2631 praevenit,
1771 2542 1844 2610 et
1908 2537 2009 2609 sic
2061 2537 2226 2610 dolo
2282 2537 2475 2610 malo
2537 2537 2867 2631 pervenit
2924 2538 3018 2610 ad
3071 2559 3228 2612 sce-

887 2664 1159 2754 ptrum.
1213 2657 1347 2731 Alii
1399 2664 1646 2731 tamen
1697 2657 2050 2750 scribunt,
2103 2656 2300 2750 quod
2334 2658 2572 2754 Ilugo,
2608 2657 2950 2733 defuncto
2985 2659 3224 2733 Ludo-

886 2782 1048 2854 vico
1083 2781 1142 2852 V
1194 2779 1349 2854 sine
1391 2778 1658 2871 liberis,
1697 2778 1960 2851 francis
2013 2778 2410 2854 transferre
2453 2778 2860 2855 volentibus
2912 2800 3222 2876 regnum

884 2899 976 2974 ad
1012 2900 1359 2974 Carolum
1395 2898 1662 2974 ducem
1696 2899 2183 2995 Lotharingiae
2219 2906 2567 2994 patruum
2605 2901 2827 2994 ipsius
2859 2901 3227 2994 Ludovici‚

887 3021 1269 3114 usurpavit
1320 3039 1659 3114 regnum,
1713 3025 1786 3093 et
1837 3019 2184 3093 Carolum
2236 3040 2407 3092 cum
2447 3020 2605 3093 filiis
2648 3020 2837 3093 mori
2875 3021 3060 3094 fecit.
3098 3021 3230 3094 Alii

886 3147 1137 3214 tamen
1186 3140 1398 3213 aliter
1450 3140 1780 3212 colorant
1830 3140 2023 3213 istud
2074 3140 2389 3233 factum3
2427 3146 2501 3214 et
2534 3147 2748 3234 poeta
2799 3147 3044 3215 noster
3093 3143 3230 3214 ho-

888 3258 1165 3331 nestius
1219 3258 1543 3351 loquitur
1602 3258 1696 3332 de
1752 3259 1891 3331 hac
1945 3278 2027 3332 re
2086 3258 2451 3333 subticens
2513 3260 2862 3334 infamem
2923 3258 3226 3333 modum

890 3377 1366 3471 promotionis
1416 3378 1779 3473 Hugonis:
1835 3384 1910 3451 et
1960 3377 2129 3451 dicit
2193 3386 2503 3473 tantum,
2559 3379 2755 3473 quod
2814 3382 3027 3477 Hugo
3078 3381 3228 3454 suf-

890 3495 1123 3591 fragio
1160 3497 1474 3570 fortunae
1509 3503 1583 3571 et
1618 3497 1872 3571 favore
1911 3497 2320 3571 amicorum
2360 3499 2682 3573 ascendit
2722 3499 3018 3574 culmen
3055 3500 3224 3573 tanti

892 3616 1098 3713 regni
1153 3637 1245 3690 ex
1300 3617 1718 3691 macellaria
1768 3617 1993 3711 patris
2060 3618 2386 3711 taberna,
2438 3618 2652 3691 cuius
2710 3617 3227 3693 descendentes

887 3736 1107 3831 longo
1158 3736 1415 3811 ordine
1466 3745 2011 3830 successerunt3
2049 3758 2369 3830 quorum
2406 3737 2629 3831 aliqui
2666 3758 2797 3833 per
2848 3739 3225 3814 avaritiam

886 3862 957 3930 et
1017 3857 1490 3932 ambitionem
1558 3858 1791 3930 multa
1859 3858 2049 3930 mala
2113 3857 2469 3950 fecerunt,
2530 3857 2622 3931 de
2686 3858 2954 3952 quibus
3018 3866 3229 3954 poeta

887 3978 1226 4072 quaedam
1257 3999 1490 4073 pauca
1526 3978 1848 4052 breviter
1882 3977 2167 4073 attingit
2189 3969 2286 4068 (²).
2318 3978 2422 4051 Ad
2453 3979 2741 4053 literam
2780 4000 2959 4077 ergo
2994 3980 3230 4074 primo

889 4095 1077 4190 dicit,
1108 4097 1303 4190 quod
1339 4097 1459 4171 ille
1497 4097 1863 4171 recusavit
1898 4096 2316 4171 mercedem
2354 4097 2487 4171 sibi
2523 4099 2997 4194 promissam:
3037 4101 3231 4175 unde

885 4213 1093 4288 dicit:
1146 4221 1235 4287 Et
1296 4219 1433 4303 elli,
1485 4217 1775 4309 scilicet,
1846 4218 2060 4312 Hugo
2132 4217 2535 4312 respondit:
2597 4223 2679 4292 Io
2746 4223 2796 4293 ti
2852 4212 3040 4312 diro,
3091 4220 3231 4294 sci-

890 4331 1077 4426 licet,
1131 4335 1293 4427 quis
1344 4336 1634 4430 fuerim,
1686 4358 1830 4409 non
1873 4359 2007 4429 per
2056 4340 2376 4429 conforto
2427 4341 2529 4410 clz’
2554 4342 2624 4411 io
2676 4343 2959 4414 attenda
3009 4343 3085 4414 di
3131 4331 3229 4432 ld,

1020 4596 1073 4655 (⁸)
1107 4594 1167 4643 E.
1201 4594 1330 4643 idest
1362 4595 1403 4644 si
1436 4601 1668 4647 revertar
1701 4598 1763 4646 ad
1796 4597 2011 4647 domum
2045 4598 2107 4646 ad
2141 4600 2507 4663 peragendum.
2717 4598 2772 4662 (²)
2808 4600 2868 4650 E.
2902 4602 3168 4664 contingit.
