3704 5559
822 470 966 537 288
1495 480 1908 535 COMENTUM
1958 480 2397 535 PURGA'ronu

821 628 937 701 hic
988 633 1160 700 nota
1227 625 1424 720 quod
1475 626 1699 719 aliqui
1770 627 2123 720 scribunt,
2178 626 2377 720 quod
2435 626 2718 701 occisor
2778 626 2984 700 istius
3047 625 3168 699 filii

818 747 952 819 fuit
1004 745 1194 819 filius
1245 745 1556 839 Traiani,
1612 753 1685 820 et
1747 746 1946 840 quod
2010 746 2365 820 Traianus
2435 746 2725 820 tradidit
2792 745 3032 840 ipsum
3095 746 3169 819 in

820 866 1048 940 filium
1104 866 1273 940 huic
1327 866 1617 940 mulieri
1669 887 1840 940 cum
1897 887 2164 962 magna
2202 866 2643 960 substantia;
2685 867 2811 940 sed
2848 868 2986 940 hoc
3023 887 3169 940 non

819 986 1062 1074 cred0,
1115 985 1290 1079 quia
1341 1006 1752 1079 numquam
1810 986 2054 1060 inveni
2089 986 2483 1060 Traianum
2530 986 2869 1061 hahuisse
2909 986 3167 1081 filiurn,

820 1107 970 1179 imo
1020 1106 1174 1200 ipse
1224 1105 1593 1199 adoptavit
1652 1106 2056 1180 Adrianum
2124 1106 2702 1180 valentissimum
2770 1107 3168 1202 imperato-

820 1247 1003 1300 rem.
1057 1226 1145 1298 Et
1195 1226 1394 1320 ponit
1445 1227 1994 1321 responsionem
2032 1226 2371 1321 principis
2404 1226 2690 1300 dicens:
2728 1233 2794 1299 et
2824 1230 2960 1318 eyli
2993 1248 3042 1298 α
3076 1229 3163 1299 lei

818 1348 1254 1437 rispondere,
1280 1347 1568 1441 supple,
1597 1347 2023 1421 videbatur:
2053 1367 2191 1418 ora
2216 1352 2484 1438 aspecta
2510 1353 2703 1418 tanto
2728 1348 2830 1419 ck'.
2856 1350 2928 1419 io
2954 1349 3166 1438 torni,

818 1466 1080 1539 melius
1131 1466 1380 1540 suisset
1429 1466 1488 1539 si
1540 1467 2026 1540 commisisset
2079 1465 2442 1559 justitiam
2506 1465 2760 1559 alteri,
2814 1487 2852 1538 e
2903 1469 3163 1557 quella,

821 1588 1096 1682 supple,
1153 1587 1536 1661 videbatur
1588 1587 2054 1681 respondere,
2091 1607 2283 1659 come
2317 1608 2628 1678 persona
2677 1590 2753 1659 in
2802 1591 2914 1660 cui
2960 1590 3168 1661 dolor

817 1710 1200 1799 s’affreua,
1271 1708 1445 1801 quia
1494 1707 1703 1780 dolor
1756 1706 2067 1781 faciebat
2128 1726 2293 1781 eam
2348 1706 2850 1801 impatientem
2903 1728 3165 1800 morae3

819 1831 1078 1918 Siynor
1128 1831 1296 1918 mi0,
1345 1849 1420 1899 se
1480 1835 1549 1900 tu
1614 1849 1758 1900 non
1819 1830 2058 1900 torni?
2110 1827 2284 1919 quia
2353 1826 2619 1901 dubius
2685 1833 2796 1901 est
2857 1834 3168 1902 eventus

817 1950 1034 2043 he11i3
1088 1957 1164 2023 et
1214 1949 1333 2022 ille
1382 1949 1738 2023 Traianus
1791 1948 2178 2024 videbatur
2215 1948 2694 2042 respondere:
2734 1952 2890 2040 quei
2920 1951 3039 2021 cloe
3064 1950 3168 2039 fia

820 2071 980 2141 dov’
1007 2073 1102 2162 ic,
1156 2069 1361 2162 idest,
1415 2069 1486 2142 in
1539 2070 1701 2143 loco
1754 2070 1926 2163 mei,
1968 2073 2039 2142 la
2090 2072 2141 2141 ti
2166 2058 2367 2162 farei,
2404 2068 2696 2162 scilicet,
2739 2068 2969 2163 ipsam
3008 2069 3169 2141 vin-

818 2189 1085 2262 dictam
1133 2191 1381 2284 juste,
1444 2210 1481 2261 e
1540 2193 1795 2282 quella,
1882 2189 2158 2283 supple,
2231 2189 2615 2263 videbatur
2675 2188 3161 2283 respondere:

819 2312 863 2382 l’
891 2312 1106 2381 alcrui
1168 2310 1335 2382 bene
1396 2331 1445 2381 α
1513 2316 1575 2383 te
1629 2312 1748 2382 cloe
1799 2313 1930 2402 fia,
1990 2309 2194 2402 idest,
2248 2308 2423 2400 quid
2450 2302 2525 2399 (¹)
2579 2308 2955 2401 prodesset
3016 2306 3163 2402 tibi,

816 2450 891 2500 se
924 2431 974 2501 'l
1033 2437 1147 2501 tuo
1199 2432 1383 2502 metti
1439 2432 1515 2502 in
1579 2430 1810 2502 oblio?
1872 2429 2075 2521 idest,
2139 2428 2197 2501 si
2263 2435 2478 2501 tuum
2532 2429 2811 2500 honum
2864 2427 3166 2522 justitiae

818 2548 1040 2621 tradis
1091 2548 1457 2642 oblivioni,
1511 2557 1593 2622 ut
1645 2549 1841 2623 enim
1895 2548 2118 2623 vadas
2168 2548 2261 2622 ad
2293 2539 2367 2639 (²)
2419 2548 2935 2644 expurgandos
2992 2548 3163 2621 bar-

817 2668 1059 2762 barOS,
1102 2669 1300 2743 cives
1328 2671 1573 2743 hostes
1607 2669 1862 2764 patriae
1898 2668 2246 2762 relinquis
2283 2668 2812 2761 impunitos.—
2840 2670 3158 2741 Ond’elli.

818 2789 945 2863 Hic
985 2790 1240 2865 ultimo
1283 2797 1497 2884 poeta
1549 2791 1748 2885 ponit
1798 2790 2145 2864 effectum
2182 2788 2466 2863 dicens:
2516 2791 2694 2862 Ond'
2713 2792 2851 2880 elli,
2886 2790 3162 2883 supple,

817 2909 1171 2984 Traianus
1214 2911 1600 2985 videbatur
1638 2911 2114 3005 respondere:
2153 2932 2240 2984 or
2281 2913 2332 2983 ti
2362 2914 2713 3004 conforta,
2742 2909 2947 3003 idest,
2985 2929 3163 3004 ergo

816 3030 1221 3124 consolare,
1262 3030 1548 3124 mulier,
1576 3023 1699 3103 che*
1725 3052 2053 3120 convene,
2089 3049 2179 3104 ex
2225 3050 2377 3122 quo
2426 3029 2711 3104 debitor
2757 3034 2931 3102 tuus
2971 3050 3163 3123 sum,

815 3151 916 3220 clz'
941 3152 1011 3220 io
1058 3153 1258 3222 solva
1307 3153 1363 3222 il
1409 3154 1549 3222 mio
1599 3153 1882 3240 dovere,
1935 3149 2141 3243 idest,
2185 3149 2466 3222 solvam
2506 3169 2758 3222 meum
2805 3149 3157 3241 debitum,

814 3270 1057 3340 'nanzi
1104 3272 1206 3341 clz'
1231 3271 1301 3341 io
1335 3290 1590 3343 muova
1608 3296 1639 3362 ,·
1677 3275 1836 3344 erat
1871 3269 2065 3343 enim
2093 3270 2250 3363 jam
2287 3268 2361 3341 in
2403 3268 2809 3362 procinctu,
2845 3275 2919 3342 et
2951 3268 3154 3342 dicit:

813 3392 1137 3480 qiu-slizia
1189 3393 1385 3462 vuole
1417 3412 1454 3462 e
1481 3380 1667 3482 pietat
1705 3392 1801 3464 mi
1831 3393 2093 3463 ritiene.
2149 3391 2236 3463 Et
2296 3389 2412 3464 hic
2465 3395 2635 3463 nota
2689 3389 2887 3483 quod
2937 3389 3163 3484 aliqui

814 3511 1064 3585 dicunt
1116 3510 1231 3584 hic
1284 3511 1480 3605 quod
1542 3511 1674 3584 iste
1736 3519 1945 3585 actus
1997 3510 2284 3585 Traiani
2352 3510 2584 3607 magis
2645 3509 2935 3585 videtur
2996 3530 3164 3604 spe-

815 3638 1017 3705 ctare
1069 3631 1160 3706 ad
1192 3632 1577 3727 justitiam,
1621 3654 1845 3726 quam
1884 3632 1975 3707 ad
2028 3631 2536 3705 humilitatem.
2590 3630 2695 3704 Ad
2752 3630 2947 3723 quod
2999 3629 3169 3704 dico*

814 3752 1011 3846 quod
1063 3752 1178 3826 hic
1229 3753 1364 3826 fuit
1415 3774 1682 3850 magna
1707 3752 1989 3846 J’ustitia
2026 3759 2099 3827 et
2133 3751 2546 3844 clementia,
2585 3770 2754 3844 quae
2785 3758 2957 3825 sunt
2990 3751 3159 3828 duae

813 3871 1121 3945 virtutes
1189 3872 1617 3968 principales
1686 3872 2122 3968 principum,
2196 3872 2323 3947 sed
2392 3871 2716 3946 maxima
2786 3871 3159 3948 humilitas

814 3993 944 4065 fuit
995 3993 1555 4068 fundamentum
1612 3993 1830 4066 huius
1885 3993 2193 4068 virtutis.
2241 3994 2463 4072 ‚Certe
2515 3993 2841 4068 maxima
2910 3992 3157 4066 humi-

812 4112 1009 4186 liatio
1061 4113 1195 4186 fuit
1246 4114 1442 4207 quod
1491 4113 1886 4187 altissimus
1934 4113 2271 4209 princeps
2333 4114 2431 4187 ita
2491 4112 2875 4187 inclinaret
2927 4112 3160 4207 impe*

815 4234 1161 4308 ratoriam
1211 4234 1666 4308 maiestatem
1701 4234 1793 4309 ad
1828 4234 2267 4309 audiendam
2306 4233 2821 4308 mulierculam
2856 4234 3150 4326 ploran-

814 4357 961 4427 tem
1016 4352 1154 4424 sub
1205 4353 1535 4447 superbis
1586 4353 1808 4449 siguis
1860 4355 1934 4428 in
1969 4355 2245 4447 Campo
2277 4353 2534 4428 Martio
2575 4353 2918 4447 superbo,
2963 4352 3153 4427 inter

939 4605 992 4667 (¹)
1026 4606 1086 4656 E.
1119 4607 1241 4670 quid
1275 4607 1484 4670 prodest
1516 4608 1637 4659 tibi?
1887 4607 1944 4672 (²)
1978 4609 2038 4658 E.
2071 4622 2101 4660 e
2136 4614 2243 4670 117,
2278 4610 2341 4659 ad
2373 4609 2738 4673 expugnandos
2771 4607 3034 4659 barbaros.
