3704 5559
844 469 987 535 284
1568 478 1977 534 coMEN'rUM
2026 479 2472 533 runGA'ronu

842 633 1011 700 teme
1062 628 1280 716 officio
1331 646 1473 697 non
1524 647 1928 716 commesw,
1985 625 2159 719 quia
2211 625 2463 719 punita
2518 631 2627 699 est
2662 625 3038 699 evidenter
3079 631 3189 697 te-

842 745 1140 819 meritas
1189 745 1379 839 Ozae,
1433 766 1602 839 quae
1651 752 1760 819 est
1824 746 2099 839 speeies
2167 744 2554 839 superbiae,
2617 745 2689 817 in
2758 765 2907 837 quo
2971 744 3189 817 datur

840 864 1288 959 exemplum,
1343 860 1540 959 quod
1595 846 1818 938 homo
1872 886 2019 938 non
2072 865 2480 938 immisceat
2514 884 2595 939 se
2636 864 2874 939 officio
2926 864 3187 958 alieno,

841 1005 933 1059 ne
985 985 1095 1059 ira
1146 985 1432 1058 Domini
1486 985 1729 1059 veniat
1779 1005 2003 1079 super
2054 1004 2253 1058 eum.
2308 985 2396 1057 Et
2446 985 2561 1059 hic
2613 991 2787 1058 nota
2827 983 3027 1078 quod
3058 983 3191 1057 ali-

841 1107 969 1201 qui
1019 1106 1292 1198 dicunt,
1348 1106 1543 1199 quod
1587 1106 1720 1180 iste
1754 1107 1924 1198 Oza,
1964 1112 2179 1179 nocte
2213 1106 2698 1199 praecedente,
2742 1109 3189 1201 cognoverat

842 1247 1159 1301 uxorem
1225 1247 1464 1320 suam,
1527 1227 1688 1301 ideo
1749 1247 1898 1300 non
1957 1226 2210 1301 debuit
2272 1227 2610 1300 manibus
2673 1227 2966 1321 pollutis
3029 1233 3189 1299 tan-

839 1367 1020 1443 gere
1073 1366 1232 1420 rem
1284 1367 1599 1436 sacram,
1644 1346 1809 1420 licet
1845 1347 2126 1440 absque
2175 1347 2314 1419 hoc
2365 1346 2517 1440 ipse
2559 1346 2778 1419 suerit
2827 1346 2900 1418 in
2953 1344 3187 1419 mani-

841 1467 1024 1540 festa
1075 1469 1314 1560 culpa,
1368 1466 1539 1559 quia
1591 1486 1734 1539 non
1796 1466 2015 1539 debet
2077 1465 2427 1560 profanus
2496 1471 2800 1560 tangere
2861 1484 3019 1538 rem
3069 1485 3188 1537 sa-

840 1606 1068 1680 cram,
1106 1607 1277 1660 cum
1306 1586 1398 1659 sit
1424 1587 1706 1660 crimen
1739 1586 2119 1681 sacrilegii.
2151 1589 2232 1658 In
2269 1592 2510 1658 morte
2543 1585 2738 1658 enim
2763 1580 2836 1677 (¹)
2876 1591 3185 1681 purgata

839 1712 949 1780 est
1001 1706 1373 1780 temeritas
1425 1708 1617 1799 Ozae,
1670 1713 1744 1780 et
1795 1707 1948 1800 ipse
2001 1705 2322 1779 salvatus
2374 1711 2504 1779 est.
2559 1705 2648 1776 Et
2707 1704 2936 1799 tangit
2988 1704 3183 1799 Jubi-

839 1826 1185 1902 lationem
1237 1828 1507 1921 populi,
1558 1827 1846 1902 dicens:
1900 1829 2218 1916 dinanzi,
2265 1826 2468 1918 idest,
2521 1832 2693 1899 ante
2744 1825 3011 1899 dictam
3049 1825 3187 1898 Ar-

840 1966 1030 2040 cam,
1074 1968 1306 2038 parea
1354 1956 1578 2038 yence,
1632 1948 1926 2041 scilicet,
1982 1946 2476 2039 hebraeorum,
2529 1946 2809 2041 sculpta
2859 1947 2935 2019 in
2989 1967 3189 2019 mar-

842 2087 1075 2160 more,
1112 2089 1148 2139 e
1199 2074 1368 2140 tutta
1418 2074 1683 2161 quanta
1729 2071 1997 2159 partita
2031 2070 2104 2138 in
2137 2075 2297 2138 secie
2337 2070 2510 2157 cori,
2548 2071 2759 2161 facea
2797 2069 2913 2138 dir
2954 2069 3022 2137 a'
3049 2069 3187 2138 duo

843 2190 1001 2259 miei
1057 2191 1265 2278 sensi,
1318 2188 1608 2281 scilicet,
1676 2188 1860 2261 visui
1914 2195 1988 2261 et
2054 2187 2360 2280 auditui,
2439 2191 2480 2259 l'
2508 2208 2604 2258 un
2662 2208 2831 2276 non,
2895 2185 3185 2280 scilicet,

845 2312 1115 2398 cantat,
1175 2306 1345 2399 quia
1399 2306 1692 2382 auditus
1728 2307 1898 2379 nihil
1933 2306 2297 2400 audiebat,
2335 2309 2379 2378 l'
2406 2309 2593 2378 altro
2625 2298 2685 2378 si
2725 2313 2932 2379 canta
2947 2332 2977 2398 ,·
3015 2305 3188 2399 quia

844 2428 1044 2502 visus
1094 2427 1510 2500 affirmabat
1561 2434 1885 2520 cantum,
1929 2426 2055 2501 sed
2100 2427 2393 2500 auditus
2444 2427 2781 2521 negabat.
2817 2427 2905 2498 Et
2939 2426 3189 2498 similis

843 2569 1088 2642 pugna
1160 2554 1319 2621 erat
1380 2547 1568 2621 inter
1629 2548 1814 2621 duos
1879 2569 2134 2621 sensus
2199 2548 2270 2619 in
2325 2548 2514 2621 sacto
2586 2546 3183 2641 thurificationis3

842 2667 1039 2741 unde
1090 2667 1304 2741 dicit:
1346 2670 1748 2741 similmenle
1794 2671 1897 2758 ,qli
1944 2671 2133 2740 occlzi
2182 2690 2219 2738 e
2245 2670 2295 2739 'l
2348 2689 2555 2758 nas-0,
2608 2668 2813 2760 idest,
2867 2667 3062 2740 visus
3113 2672 3187 2741 et

843 2790 1214 2882 odoratuS‚
1236 2793 1418 2883 sensi
1441 2792 1750 2863 discordi
1782 2793 1863 2862 αῖ
1884 2794 2081 2884 fumo
2117 2793 2295 2881 deql’
2321 2792 2725 2862 incensione
2762 2792 2825 2861 v’
2845 2810 2972 2861 era
3006 2792 3188 2861 ima-

839 2912 1109 3000 ginata,
1179 2908 1382 3001 idest,
1437 2908 1797 3005 figuratus
1849 2909 1971 3002 ibi,
2024 2915 2088 2981 et
2136 2912 2212 2981 al
2258 2901 2317 2980 si
2367 2916 2430 2982 ec
2479 2911 2557 2981 al
2607 2931 2751 3001 no;
2803 2908 2999 3003 quia,
3053 2908 3193 2982 sci-

843 3029 1031 3122 licet,
1085 3029 1282 3102 visus
1333 3029 1751 3102 affirmabat
1819 3035 1893 3102 et
1951 3028 2282 3102 dicebat:
2351 3048 2527 3102 vere
2592 3028 2706 3102 hic
2773 3035 2884 3102 est
2942 3028 3190 3100 fumus

846 3150 1416 3238 thuribulorum,
1470 3149 1595 3222 sed
1662 3150 1928 3222 olfatus
1979 3169 2023 3222 e
2099 3155 2356 3222 contra
2427 3169 2573 3221 non
2634 3149 2951 3222 sentiens
3012 3147 3192 3221 odo-

846 3289 1005 3342 rem
1070 3268 1499 3364 denegabat.
1529 3261 1748 3339 —Li.
1824 3267 1952 3341 Hic
2020 3275 2234 3362 poeta
2295 3267 2636 3342 describit
2703 3268 3187 3341 humilitatem

846 3407 1189 3482 magnam
1258 3387 1482 3460 David
1549 3393 1624 3461 et
1692 3388 2112 3482 superbiam
2184 3388 2473 3480 Michol‚
2556 3388 2847 3462 dicens:
2918 3390 3191 3460 l’umile

844 3510 1185 3597 salmista,
1222 3506 1512 3600 scilicet,
1550 3507 1776 3579 David
1814 3507 1940 3600 qui
1994 3508 2161 3582 fecit
2211 3508 2553 3602 psalmOS‚
2581 3511 2970 3600 precedeva
3020 3500 3068 3579 li
3116 3509 3195 3580 al

844 3629 1189 3700 benedetto
1242 3647 1440 3716 vase,
1492 3626 1696 3720 idest,
1758 3628 2390 3720 processionaliter
2458 3628 2607 3701 ibat
2675 3634 2832 3722 post
2899 3627 3188 3720 Arcam,

845 3752 1111 3838 elzate,
1166 3767 1374 3820 more
1425 3747 1879 3839 sacerdotali,
1924 3752 2323 3838 trescandO,
2359 3748 2543 3822 idest
2593 3747 3051 3821 chorizando.
3104 3747 3190 3818 Et

847 3890 991 3942 non
1021 3868 1258 3942 rideas
1294 3867 1432 3961 hic,
1461 3868 1713 3960 lector,
1743 3867 1800 3940 si
1838 3867 1972 3941 iste
2004 3868 2432 3963 magnificus
2467 3874 2540 3942 et
2573 3876 2830 3963 potens
2859 3887 2987 3941 rex
3018 3865 3190 3939 reli-

845 3988 1048 4084 giose
1100 3988 1408 4061 saltabat
1443 3987 1581 4080 hic,
1624 4008 1793 4060 cum
1841 3987 1990 4060 dux
2050 4007 2398 4060 romanus
2439 4008 2769 4084 paganus
2819 3984 3191 4060 saltaverit

845 4128 1018 4182 cum
1070 4115 1279 4182 scuto
1331 4108 1423 4181 ad
1478 4109 1750 4181 collum
1802 4107 1895 4180 ad
1949 4107 2377 4180 mandatum
2431 4106 2847 4199 sacerdoti5‚
2894 4116 2976 4181 ut
3022 4104 3191 4178 dicit

846 4227 1216 4320 Valerius3
1270 4235 1344 4301 et
1393 4228 1596 4301 dicit:
1654 4249 1690 4299 e
1734 4221 1857 4319 piic
1909 4248 1946 4298 e
1996 4248 2150 4299 men
2201 4230 2318 4298 che
2365 4249 2447 4299 re
2498 4248 2626 4298 era
2667 4229 2739 4297 in
2789 4229 2950 4318 quel
2987 4245 3189 4297 caso:

848 4354 1008 4420 erat
1060 4349 1221 4441 plus
1272 4369 1495 4442 quam
1553 4368 1708 4441 rex,
1762 4348 1936 4440 quia
1997 4348 2069 4420 in
2137 4348 2382 4420 babitu
2448 4346 2899 4441 sacerdotali,
2954 4353 3027 4420 et
3085 4345 3193 4418 di-

971 4606 1026 4667 (¹)
1061 4609 1167 4665 117,
1200 4618 1328 4668 ergo
1360 4610 1592 4668 purgata.
