3704 5559
1285 482 1560 537 CANTUs
1609 484 2010 537 vloEsmus,
2684 476 2825 543 535

484 626 792 701 Sciarrae
825 619 931 720 (');
962 626 1098 719 vel,
1130 632 1212 698 ut
1247 626 1467 720 aliqui
1509 627 1779 719 dicunt,
1809 628 1998 700 inter
2034 627 2455 722 cardinales»,
2487 631 2657 723 quia
2695 652 2829 705 vo-

484 746 643 818 lunt
692 745 890 838 quod
940 744 1202 837 aliquis
1252 745 1633 819 cardinalis
1685 746 1904 820 suerit
1955 747 2288 820 conscius
2352 748 2569 821 huius
2633 750 2822 823 sacti.

486 866 818 937 Mortuus
867 868 1120 937 autem
1191 871 1301 937 est
1367 864 1775 938 Bonifacius
1833 865 1908 937 in
1966 866 2314 958 MCCClll,
2365 867 2482 941 die
2543 868 2823 943 duode-

485 984 677 1058 cima
726 983 1064 1076 octobriS,
1104 989 1176 1057 et
1209 985 1536 1078 sepultus
1586 984 1661 1056 in
1701 990 1951 1056 sancto
1993 983 2231 1058 Petro.
2254 1025 2353 1037 —
2381 989 2653 1076 Veyyio.
2699 986 2829 1060 Hic

489 1104 745 1177 ultimo
795 1105 1007 1198 Hugo
1067 1103 1528 1178 subannectit
1578 1102 1773 1176 aliud
1842 1123 2195 1197 magnum
2263 1104 2566 1198 malum,
2632 1105 2829 1198 quod

489 1224 655 1297 fecit
710 1223 901 1297 idem
954 1223 1318 1317 Philippus
1369 1230 1624 1297 contra
1677 1222 2032 1314 quosdam
2089 1222 2409 1294 fautores
2459 1224 2824 1297 Bonifacii.

488 1344 575 1415 Et
622 1343 715 1416 ad
766 1342 1230 1437 aperiendam
1283 1343 1494 1415 istam
1549 1341 1862 1434 literam,
1914 1360 2083 1434 quae
2134 1341 2381 1415 multis
2433 1343 2680 1417 clausa
2719 1344 2828 1416 vi-

486 1462 724 1554 detur,
784 1468 1074 1555 oportet
1136 1461 1322 1534 scire
1384 1459 1759 1533 historiam
1825 1459 2184 1533 memoria
2244 1460 2563 1557 dignam,
2617 1462 2828 1536 cuius

485 1583 642 1655 haec
705 1588 814 1655 est
873 1602 1186 1654 summa.
1248 1579 1557 1666 Quidam
1612 1578 1949 1672 Iacobus,
2004 1579 2448 1676 Burgundus
2519 1583 2825 1678 origine,

483 1720 579 1774 ex
628 1700 937 1773 dominis
990 1697 1197 1772 Molai
1247 1698 1562 1792 genituS,
1590 1698 1885 1792 juvenis
1935 1699 2334 1793 animosuS,
2371 1721 2541 1774 cum
2598 1702 2828 1776 frater

483 1819 1013 1914 primogenitus
1064 1818 1469 1891 secundum
1537 1816 2145 1892 consuetudinem
2211 1820 2547 1914 gallicam
2597 1821 2828 1894 habe-

487 1945 600 2012 ret
649 1937 1053 2012 dominium
1105 1937 1463 2030 omnium,
1500 1937 1808 2011 contulit
1858 1957 1939 2011 se
1989 1939 2080 2011 ad
2133 1939 2460 2014 militiam
2514 1943 2826 2036 templa-

489 2058 793 2150 riorum,
833 2057 959 2150 qui
1010 2063 1220 2130 erant
1272 2056 1515 2151 magni
1576 2056 1859 2151 pugiles
1923 2056 2121 2131 fidei:
2185 2058 2313 2131 ubi
2374 2059 2606 2132 sactus
2667 2081 2829 2134 ma-

487 2176 712 2271 gister
738 2176 926 2249 illius
953 2175 1222 2249 ordinis
1249 2176 1584 2269 potentis,
1610 2175 1917 2248 incurrit
1948 2175 2198 2249 odium
2227 2177 2525 2271 Philippi
2561 2179 2826 2272 Pulcri,

489 2295 701 2368 cuius
752 2301 913 2369 erat
963 2300 1361 2389 compater,
1416 2294 1587 2387 quia
1649 2293 2039 2367 videbatur
2100 2294 2360 2369 favisse
2417 2295 2827 2389 Bonifaci03

488 2415 616 2489 sed
665 2415 912 2490 verius
963 2415 1058 2488 ob
1108 2414 1515 2488 avaritiam.
1569 2414 1874 2487 Factum
1931 2421 2038 2489 est
2106 2435 2308 2510 erg0,
2362 2416 2829 2509 permittente

489 2533 864 2609 Clemente
903 2535 961 2607 V
1014 2533 1140 2627 qui
1193 2533 1628 2628 promiserat
1670 2533 1996 2627 Philippo
2029 2534 2596 2609 destructionem
2639 2542 2830 2609 tem-

490 2653 916 2747 plariorum,
987 2653 1183 2746 quod
1254 2653 1683 2747 principales
1751 2653 2309 2747 templariorum
2382 2654 2637 2728 eadem
2711 2655 2829 2729 die

491 2772 679 2867 capti
732 2779 901 2846 sunt
951 2773 1042 2848 de
1089 2773 1431 2848 mandato
1465 2772 1761 2867 Philippi
1798 2793 1932 2866 per
1966 2794 2187 2847 omne
2223 2794 2537 2869 regnum
2581 2796 2828 2869 suum,

492 2899 567 2967 et
615 2913 879 2967 eorum
933 2896 1226 2988 templa,
1278 2895 1598 2985 castella,
1654 2892 2000 2985 thesauri,
2038 2903 2111 2968 et
2150 2893 2397 2967 omnia
2448 2904 2823 2989 occupata.

491 3011 771 3099 Quibus
819 3013 1054 3087 ductis
1106 3012 1422 3086 Par-isius
1475 3014 1707 3086 multa
1756 3013 2061 3086 crimina
2108 3014 2390 3086 obiecta
2434 3021 2625 3106 sunt,
2664 3036 2830 3108 quae

491 3133 739 3206 omnia
791 3132 887 3204 illi
939 3138 1499 3227 perseveranter
1563 3131 1946 3227 negabant,
1999 3132 2342 3225 dicenteS,
2394 3154 2473 3207 se
2537 3140 2831 3207 contra-

495 3253 688 3325 rium
743 3252 1179 3344 probaturos
1230 3250 1368 3323 sub
1409 3251 1611 3345 Justo
1654 3251 1924 3345 judice,
1986 3251 2046 3324 si
2112 3252 2437 3325 daretur.
2500 3253 2653 3327 Rex
2724 3253 2835 3326 ira

492 3372 779 3464 ardenS,
831 3370 1204 3446 mandavit
1241 3377 1323 3441 ut
1360 3369 1739 3445 tormentis
1785 3376 2380 3465 extorqueretur,
2419 3372 2614 3465 quod
2650 3372 2836 3446 adu-

494 3489 880 3564 lationibus
932 3510 1077 3564 non
1128 3494 1448 3583 poterat,
1502 3488 1627 3562 sed
1680 3508 1852 3561 cum
1907 3489 2080 3562 nihil
2139 3491 2547 3585 proficeret,
2604 3492 2837 3588 magi-

492 3616 645 3683 stro
696 3629 868 3683 cum
921 3609 1155 3682 tribus
1204 3608 1413 3681 sociis
1466 3615 1866 3701 reservato,
1920 3608 2166 3682 caeteri
2218 3610 2455 3703 palam
2509 3609 2832 3684 damnati

493 3735 663 3801 sunt
714 3729 1070 3822 incendio,
1122 3729 1180 3801 si
1233 3729 1307 3800 in
1358 3727 1724 3821 proposito
1776 3734 2073 3802 starent.
2131 3728 2354 3801 Erant
2400 3749 2657 3802 omnes
2710 3750 2834 3803 ro-

496 3847 689 3920 busti
731 3848 1046 3941 juvenes
1097 3852 1169 3920 et
1220 3846 1561 3919 animosi:
1615 3847 1780 3922 ideo
1815 3846 2157 3920 omnibus
2192 3846 2499 3942 alligatis
2532 3847 2834 3943 singulis

496 3966 674 4060 palis
724 3966 907 4061 ignis
959 3972 1068 4040 est
1120 3965 1526 4059 appositus:
1582 3971 1656 4040 et
1706 3985 2044 4060 praecone
2078 3965 2549 4061 promittente
2590 3965 2836 4061 impu-

498 4085 798 4160 nitatem
853 4091 926 4159 et
977 4084 1481 4160 liberationem
1523 4084 2055 4178 confitentibuS,
2092 4084 2337 4158 nullus
2378 4085 2611 4178 potuit
2646 4086 2835 4160 flecti

500 4210 786 4279 terrore
836 4205 952 4279 vel
1004 4225 1243 4300 prece,
1299 4210 1378 4277 ut
1430 4204 1773 4279 cederent
1823 4204 2012 4278 irato
2061 4205 2244 4301 regi,
2278 4210 2352 4279 et
2387 4204 2838 4279 confessione

496 4334 886 4418 parcerent
939 4325 1105 4398 vitae
1156 4345 1331 4398 suae.
1386 4323 1528 4399 Sed
1584 4344 1756 4398 cum
1810 4344 2068 4399 omnes
2128 4324 2587 4399 concorditer
2646 4346 2839 4421 saepe

624 4580 681 4643 (¹)
712 4581 774 4631 Ε.
809 4582 994 4633 εει-τω.
