3704 5559
1357 531 1631 587 CANTUS
1680 531 2018 587 OCTAVUS·
2190 489 2195 496 ‹
2226 523 2233 528 ’
2732 523 2873 587 227

526 687 716 755 tem:
780 684 908 756 dela
977 687 1237 774 quanto
1306 684 1402 754 mi
1455 683 1752 774 piaeque
1814 682 2099 772 quando
2158 687 2219 753 te
2277 683 2422 754 vidi
2484 703 2628 754 non
2687 703 2874 754 esser

524 804 661 873 cra'
706 787 856 874 ‘reil
909 801 1114 896 idest,
1170 802 1357 875 inter
1424 801 1807 874 damnatos
1877 800 1950 872 in
2019 800 2324 894 inferno,
2390 821 2554 875 reos
2619 801 2875 875 mortis

524 928 841 995 aeternae.
896 922 1050 996 Hoc
1113 921 1284 996 dicit
1360 921 1533 1014 quia
1590 921 1818 994 Ninus
1884 920 2098 994 nimis
2161 921 2403 995 fuerat
2472 929 2875 1016 occupatus

526 1040 721 1115 circa
773 1048 1205 1136 potestatem
1261 1040 1802 1136 temporalium,
1858 1047 1931 1116 et
1983 1039 2386 1115 bellaverat
2437 1047 2690 1116 contra
2744 1063 2876 1136 pa-

529 1162 771 1258 triam,
824 1162 1034 1238 ideo:
1104 1166 1294 1236 nullo
1346 1164 1454 1235 bel
1497 1166 1771 1235 salutar
1823 1169 1939 1234 cra
1990 1165 2111 1234 noi
2170 1164 2235 1234 si
2294 1169 2558 1254 cacque,
2610 1161 2703 1236 ad
2754 1182 2877 1236 re-

529 1283 940 1357 novandam
995 1283 1426 1376 amicitiam3
1474 1285 1599 1374 poi
1647 1273 2011 1374 elimando,
2086 1281 2204 1356 ille
2262 1282 2511 1376 Ninus,
2581 1281 2816 1373 quant'
2843 1280 2882 1356 ὁ

530 1406 647 1476 che
696 1411 767 1476 tu
819 1407 1061 1477 venisti
1107 1426 1155 1476 a
1216 1399 1336 1496 pie*
1390 1406 1505 1475 del
1564 1410 1814 1493 monte,
1868 1402 2072 1496 idest,
2128 1402 2324 1496 quod
2383 1402 2587 1498 prius
2649 1401 2877 1497 appli-

531 1523 741 1598 cuisti
791 1523 884 1598 ad
934 1525 1246 1597 insulam
1299 1544 1528 1618 prope
1573 1529 1900 1596 montem
1953 1521 2381 1617 purgatorii,
2428 1543 2560 1613 per
2611 1524 2672 1593 le
2723 1509 2916 1595 ἰοπ-Δ

534 1650 692 1717 tane
726 1666 968 1737 acque,
1003 1645 1294 1737 scilicet,
1331 1665 1374 1718 a
1411 1644 1622 1717 fauce
1674 1642 2027 1739 tyberina.
2066 1641 2614 1737 Imaginabatur
2648 1643 2876 1715 Ninus

534 1763 732 1858 quod
781 1765 1049 1838 Dantes
1101 1764 1413 1838 venisset
1463 1763 1556 1836 ad
1592 1762 2105 1858 purgatorium
2143 1767 2472 1855 portatus
2500 1753 2572 1853 (⁴)
2622 1783 2665 1835 a
2707 1763 2877 1836 navi

532 1882 628 1957 ab
676 1884 939 1979 angelo
982 1905 1114 1979 per
1147 1904 1378 1977 mare,
1415 1884 1601 1956 sicut
1635 1889 2013 1956 ostensum
2050 1888 2160 1955 est
2193 1882 2516 1955 secundo
2558 1883 2877 1976 capitulo

531 2003 752 2077 huius
780 2004 1079 2077 libri.—
1100 2007 1243 2077 Oh!
1269 2006 1542 2078 diss’iO.
1580 2002 1712 2075 Hic
1745 2008 1959 2095 poeta
1993 2001 2194 2096 ponit
2230 2001 2774 2096 responsionem
2798 1993 2874 2096 (²)

531 2125 622 2199 ad
673 2125 968 2219 Ninum,
1005 2132 1078 2199 et
1119 2124 1287 2198 dicit
1339 2124 1535 2217 quod
1571 2144 1716 2197 non
1755 2121 2085 2196 transivit
2126 2142 2258 2217 per
2300 2142 2464 2196 eam
2508 2123 2703 2197 viam
2746 2143 2879 2218 per

538 2267 764 2340 quam
814 2246 1081 2321 animae
1132 2245 1670 2337 defunctorum,
1720 2243 1871 2317 imo
1920 2243 2172 2318 vivens
2224 2243 2423 2317 venit
2460 2264 2604 2338 per
2656 2243 2880 2318 infer-

539 2388 743 2441 num.
796 2366 978 2441 Dicit
1030 2387 1249 2462 ergo:
1314 2368 1461 2438 012!
1511 2368 1675 2439 diss'
1699 2367 1770 2438 io
1822 2367 1943 2456 lui,
1994 2363 2285 2458 scilicet,
2340 2364 2437 2437 illi
2487 2364 2695 2457 Nino,
2738 2384 2880 2459 ego

539 2489 745 2562 venui
804 2495 1147 2576 stamane,
1223 2485 1395 2579 quia
1457 2485 1529 2557 in
1588 2484 1914 2559 diluculo
1975 2485 2273 2558 intravit
2340 2484 2882 2580 purgatorium,

538 2615 623 2683 ut
657 2608 890 2705 patuit
922 2607 1160 2703 primo
1194 2606 1511 2701 capitulo
1552 2606 1772 2679 huius
1805 2596 1906 2699 (³),
1938 2627 2069 2697 per
2102 2612 2300 2678 entro
2336 2607 2365 2676 i
2406 2607 2640 2695 luoyln'
2673 2607 2880 2695 cristi,

536 2728 829 2823 scilicet,
884 2728 1243 2803 transiens
1296 2747 1426 2823 per
1489 2728 1647 2802 loca
1714 2726 2115 2801 infernalia.
2186 2725 2390 2800 Unde
2458 2725 2620 2800 vide
2685 2724 2883 2820 quod

536 2847 724 2922 sicut
772 2849 1042 2923 Dantes
1101 2869 1246 2922 non
1314 2847 1613 2920 intravit
1675 2847 2043 2921 infernum
2113 2866 2203 2919 eo
2267 2845 2484 2919 modo
2554 2867 2703 2939 quo
2763 2845 2884 2920 alii

537 2969 883 3063 damnati,
920 2968 1018 3041 ita
1071 2989 1216 3041 non
1270 2968 1562 3042 intravit
1613 2965 2127 3062 purgatorium
2175 2985 2265 3039 eo
2318 2965 2536 3038 modo
2580 2986 2730 3059 quo
2763 2965 2885 3039 alii

538 3089 832 3166 salvati:
868 3096 943 3163 et
984 3089 1303 3163 declarat
1341 3109 1573 3183 quare
1611 3108 1757 3161 non
1799 3087 2001 3161 venit
2024 3107 2156 3181 per
2183 3087 2377 3160 viam
2408 3107 2556 3179 qua
2583 3085 2882 3182 mortui,

538 3229 709 3283 cum
763 3209 996 3284 addit:
1051 3230 1089 3281 e
1137 3230 1311 3282 sono
1359 3212 1434 3280 in
1473 3210 1719 3301 prima
1755 3211 1924 3298 vita,
1961 3206 2229 3281 scilicet
2289 3208 2694 3301 temporali,
2748 3228 2885 3281 an-

537 3351 689 3423 cor,
739 3330 965 3424 -idest,
1026 3329 1388 3424 quamviS,
1451 3331 1569 3402 che
1628 3329 1921 3420 acquisit·
1980 3329 2025 3400 ἴ
2051 3330 2268 3419 altra,
2321 3327 2590 3404 scilicet
2659 3328 2884 3404 vitam

539 3457 920 3544 aeternam,
959 3443 1020 3522 si
1053 3452 1416 3539 andandO,
1447 3449 1652 3542 idest,
1681 3448 1783 3522 sic
1817 3447 2203 3543 purgando
2259 3467 2380 3521 me
2430 3470 2476 3522 a
2527 3449 2715 3523 vitiis
2748 3469 2884 3545 per

540 3570 762 3646 istum
812 3576 1140 3643 montem
1195 3568 1664 3643 laboriosum.
1720 3569 1808 3640 Et
1873 3567 2074 3663 ponit
2139 3567 2482 3642 effectum
2544 3589 2699 3642 suae
2763 3590 2888 3645 re-

541 3689 966 3787 sponsionis,
995 3689 1170 3784 quia
1197 3694 1516 3783 uterque
1543 3688 2001 3763 audientium
2028 3688 2476 3783 stupefactus
2504 3695 2612 3762 est
2639 3689 2884 3783 valde3

547 3810 742 3886 unde
802 3809 1021 3885 dicit:
1092 3831 1131 3882 e
1202 3829 1393 3881 come
1445 3813 1525 3902 su
1586 3809 1658 3880 la
1725 3809 1871 3880 mia
1925 3810 2235 3900 περσεία
2301 3811 2522 3899 udica,
2589 3808 2884 3903 scilicet,

543 3922 742 4025 quod
791 3951 999 4006 eram
1053 3929 1288 4024 vivus,
1341 3930 1658 4004 Sordello
1694 3950 1732 4002 e
1772 3930 1935 4019 eali,
1971 3928 2241 4005 scilicet
2280 3928 2533 4023 Ninu3‚
2588 3929 2715 4023 qui
2755 3929 2889 4004 soli

544 4051 693 4126 duo
743 4052 1177 4127 audiverant
1239 4051 1401 4143 hoc,
1455 4050 1628 4144 quia
1677 4048 1938 4123 audisti
1994 4049 2153 4145 jam
2220 4049 2415 4142 quod
2484 4050 2713 4124 Ninus
2767 4072 2892 4127 re—

544 4176 864 4247 cesserat
911 4191 957 4246 a
1011 4170 1227 4246 turba
1262 4191 1595 4265 suorum,
1633 4176 1707 4245 et
1740 4175 2051 4244 venerat
2093 4168 2166 4242 in
2218 4189 2612 4244 occursum
2639 4172 2890 4269 -Danti,

544 4290 798 4367 volens
837 4310 1368 4389 recognoscere
1416 4290 1682 4386 ipsum,
1737 4292 2039 4363 indietro
2073 4311 2149 4363 se
2179 4293 2517 4383 raccolse,
2557 4292 2887 4387 percussi

544 4430 817 4509 magno
866 4418 1205 4506 stupore3
1258 4410 1456 4486 unde
1504 4409 1709 4485 dicit:
1761 4431 1956 4484 come
2003 4417 2202 4502 qente
2252 4413 2328 4485 di
2372 4412 2593 4486 subito
2643 4434 2885 4487 smar-

665 4593 724 4659 (¹)
754 4595 806 4648 8.
840 4608 872 4646 e
904 4595 967 4647 B.
1001 4600 1237 4660 portatus
1266 4595 1319 4647 ln
1349 4598 1484 4647 navi.

667 4670 726 4735 (Ἴ
759 4676 852 4725 ¹¹⁷
882 4685 914 4723 θ
946 4673 1009 4724 Β.
1042 4674 1427 4738 responsionem
1458 4688 1606 4726 sunm
1640 4674 1704 4724 ad
1737 4674 1948 4726 Ninum.
2198 4675 2254 4736 (¹)
2286 4678 2395 4735 117,
2429 4675 2584 4725 lmine
2622 4672 2761 4727 libri.
