3704 5559
1419 505 1697 561 CANTUS
1746 506 2006 560 NONUS.
2740 495 2832 559 25
2844 496 2875 560 1

534 652 608 726 in
643 672 840 745 aveS,
884 651 1176 744 Progne
1207 642 1279 741 (¹)
1320 649 1393 722 in
1435 649 1927 744 hirundinem,
1963 650 2363 725 Philomela
2398 650 2472 723 in
2504 670 2721 724 avem
2767 649 2881 722 sui

534 771 887 864 nominis3
927 770 1052 845 sed
1087 769 1365 844 Tereus
1400 791 1804 845 conversus
1844 776 1955 845 est
2006 769 2080 843 in
2130 790 2348 845 avem
2389 769 2881 865 turpissimam

533 911 700 987 quae
751 889 1016 964 dicitur
1072 910 1340 984 upupa,
1384 910 1554 984 quae
1605 889 1952 964 discurrit
1984 910 2119 985 per
2156 891 2490 985 sepulcra
2547 895 2884 964 mortuo-

536 1034 742 1105 rum3
776 1010 923 1107 Itys
960 1030 1137 1084 vero
1179 1030 1364 1104 puer
1403 1031 1804 1086 conversus
1838 1016 1951 1085 est
1989 1010 2060 1084 in
2096 1012 2553 1104 phasianum.
2592 1009 2734 1084 Sed
2769 1010 2887 1082 ul-

535 1133 717 1207 timo
766 1139 962 1225 nota,
1017 1131 1271 1223 lector,
1326 1131 1523 1225 quod
1575 1150 1696 1206 res
1748 1137 2069 1226 narrata,
2122 1131 2290 1208 licet
2338 1131 2623 1205 dicatur
2675 1129 2888 1203 fabu-

535 1253 713 1346 losa,
765 1256 915 1325 tota
968 1249 1103 1322 fuit
1154 1249 1456 1325 historia
1505 1271 1707 1344 vera,
1760 1250 1948 1325 sicut
1996 1252 2245 1326 scribit
2295 1250 2746 1346 Augustinus
2793 1248 2885 1323 de

533 1372 839 1447 Civitate
873 1371 1027 1464 Dei,
1062 1379 1137 1445 et
1169 1370 1546 1464 HorosiuS,
1588 1376 1855 1465 praeter
1890 1371 2113 1446 finem
2152 1371 2274 1444 ubi
2310 1369 2609 1466 fingitur
2649 1376 2886 1443 trans-

532 1492 873 1568 formatio
929 1491 1277 1584 istorum3
1313 1491 1527 1566 cuius
1562 1491 1868 1565 fictionis
1901 1492 2330 1588 allegoriam
2367 1512 2637 1585 ponam
2675 1489 2882 1583 infra,

532 1613 851 1708 capitulo
889 1610 1067 1684 XVI.
1122 1612 1228 1684 Ex
1281 1611 1486 1685 dictis
1537 1631 1718 1707 ergo
1768 1611 1969 1686 clare
2021 1617 2238 1707 patet,
2282 1631 2518 1705 quare
2566 1608 2883 1682 hirundo

529 1733 795 1808 dicitur
828 1751 1055 1828 prope
1092 1752 1313 1806 mane
1347 1735 1648 1805 cantare
1687 1730 1926 1806 tristes
1960 1730 2539 1805 lamentationes,
2578 1729 2665 1801 Et
2707 1728 2884 1802 sub-

530 1852 638 1928 dit
685 1858 897 1947 poeta
951 1851 1149 1946 quod
1214 1851 1339 1925 tali
1404 1852 1585 1925 bora
1647 1849 1831 1923 fiunt
1893 1849 2265 1925 interdum
2329 1848 2614 1923 somnia
2676 1867 2877 1941 vera,

530 1972 815 2048 dicens:
871 1994 908 2045 e
957 1974 1075 2044 che
1125 1975 1198 2045 la
1248 1978 1467 2044 mente
1517 1978 1763 2043 nostra
1796 1965 1922 2062 pi&
1949 1973 2360 2063 pereqrina,
2395 1970 2602 2062 idest,
2646 1965 2878 2064 magis

532 2100 819 2169 remota
881 2099 956 2167 et
1016 2093 1408 2185 abstracta,
1460 2093 1656 2163 dalla
1723 2111 1969 2181 carne,
2029 2090 2233 2183 idest,
2299 2110 2346 2164 a
2414 2088 2745 2163 sensibus
2809 2092 2883 2161 et

529 2213 1004 2312 passionibuS,
1070 2212 1244 2307 quia
1311 2218 1489 2286 tunc
1552 2210 1877 2305 perfecta
1939 2210 2341 2307 digestione
2404 2217 2480 2285 et
2537 2207 2878 2284 resolutis

531 2335 754 2410 sumis
804 2355 1014 2409 mens
1064 2342 1175 2408 est
1225 2333 1458 2427 magis
1509 2331 1774 2426 sobria,
1843 2352 1881 2403 e
1939 2352 2096 2404 men
2146 2333 2270 2404 dai
2310 2334 2590 2423 pensier
2628 2351 2877 2423 presa,

532 2454 738 2550 idest,
808 2456 1052 2529 minus
1115 2459 1472 2549 occupata
1521 2473 1567 2526 a
1626 2452 1823 2527 curis
1890 2471 2146 2525 rerum
2211 2453 2692 2545 exteriorum,
2746 2454 2881 2524 alle

529 2596 650 2650 sue
713 2579 937 2651 vas-ion
1006 2578 1207 2668 quasi
1270 2570 1312 2648 e*
1366 2577 1632 2664 dim‘na,
1694 2572 1879 2646 idest
1946 2592 2300 2669 praesaga,
2368 2574 2541 2666 quia
2609 2573 2880 2647 scilicet

531 2697 884 2795 praevidet
933 2717 1112 2772 vere
1162 2697 1413 2770 futura
1463 2714 1595 2791 per
1658 2691 2052 2766 somnium.
2106 2692 2194 2764 Et
2256 2691 2370 2766 bic
2431 2699 2625 2787 nota,
2680 2691 2878 2787 quod

532 2818 871 2913 quaedam
902 2824 1073 2893 sunt
1105 2817 1391 2891 somnia
1425 2813 1812 2906 naturalia,
1840 2812 2030 2887 sicut
2064 2812 2399 2887 videmus
2431 2811 2626 2906 quod
2654 2812 2879 2906 aliqui

530 2957 727 3034 saepe
776 2958 823 3012 a
872 2944 1137 3012 natura
1174 2937 1449 3012 faciunt
1492 2932 1778 3008 somnia
1819 2953 2021 3027 vera,
2062 2932 2290 3027 aliqui
2333 2951 2624 3026 semper
2666 2932 2875 3027 salsa3

533 3056 873 3152 quaedam
928 3063 1099 3131 sunt
1148 3055 1497 3149 bestialia,
1549 3054 1737 3129 sicut
1779 3052 1901 3128 illa
1935 3072 2103 3147 quae
2154 3052 2601 3147 proveniunt
2636 3072 2681 3125 a
2715 3072 2881 3127 cra-

532 3179 709 3275 pula
761 3178 879 3253 vel
929 3178 1331 3271 ebrietate,
1385 3175 1723 3271 quaedam
1776 3193 1961 3251 vero
2012 3180 2184 3247 sunt
2233 3171 2659 3267 spiritualia,
2710 3192 2878 3265 quae

534 3298 721 3375 fiunt
770 3298 1220 3374 revelatione
1268 3296 1532 3372 divina.
1564 3336 1663 3349 —
1687 3302 1777 3369 El
1823 3316 2032 3369 esser.
2086 3294 2216 3369 Hic
2276 3299 2492 3389 poeta
2541 3292 2880 3370 describit

531 3422 780 3497 locum
835 3426 908 3496 et
951 3414 1263 3493 *modum
1316 3417 1431 3490 sui
1484 3422 1736 3513 raptus
1787 3437 1921 3510 per
1974 3435 2201 3489 unam
2253 3414 2880 3508 comparationem

531 3541 876 3618 nobilem.
929 3539 1036 3613 Ad
1088 3538 1300 3613 cuius
1360 3536 1908 3632 intelligentiam
1961 3534 2183 3610 debes
2233 3534 2443 3627 scire,
2511 3533 2729 3627 quod,
2795 3539 2880 3606 ut

530 3661 819 3759 fingunt
867 3668 1102 3757 poetae
1154 3665 1228 3734 et
1276 3658 1503 3755 graeci
1554 3667 1629 3734 et
1675 3656 1898 3751 latini,
1933 3654 2395 3751 Ganymedes
2446 3652 2634 3727 filius
2685 3652 2878 3749 regis

530 3782 991 3859 troianorum
1043 3801 1217 3856 cum
1271 3778 1519 3855 ivisset
1569 3798 1742 3852 cum
1790 3776 2002 3851 sociis
2037 3775 2112 3849 in
2144 3773 2614 3850 venationem
2667 3778 2876 3847 extra

530 3903 850 3998 Troiam,
899 3922 1073 3977 ecce
1120 3900 1391 3996 aquila,
1428 3919 1596 3995 quae
1628 3896 1892 3972 dicitur
1930 3895 2088 3971 avis
2121 3894 2341 3987 Jovis,
2379 3892 2621 3966 subito
2668 3891 2875 3965 illum

530 4030 827 4122 raptum
879 4022 1196 4119 portavit
1245 4020 1319 4095 in
1371 4019 1668 4113 coelum,
1721 4016 1848 4091 ubi
1912 4016 2147 4090 factus
2204 4013 2471 4088 dicitur
2531 4010 2880 4106 pincerna

528 4142 746 4219 lovis.
808 4141 1041 4216 Huius
1105 4139 1411 4217 fictionis
1478 4138 1751 4214 veritas
1818 4141 1951 4230 est,
2016 4139 2379 4229 quantum
2450 4136 2726 4227 spectat
2786 4129 2879 4203 ad

526 4270 865 4340 nostrum
916 4262 1395 4359 propositum,
1440 4260 1639 4355 quod
1689 4256 2020 4353 Juppiter
2060 4261 2318 4352 potens
2360 4273 2493 4327 rex
2535 4251 2774 4326 Cretae
2799 4240 2872 4344 (²)

529 4383 697 4462 felix
721 4374 798 4477 (³)
832 4404 1006 4459 cum
1042 4382 1358 4458 venisset
1391 4381 1466 4455 in
1500 4379 1734 4455 aciem
1772 4384 2029 4453 contra
2056 4376 2324 4451 Troem
2358 4392 2612 4469 regem
2642 4371 2879 4468 Phry-

658 4653 711 4716 (¹)
746 4652 807 4701 R.
841 4651 1038 4702 scilicet
1071 4652 1290 4715 Progne.
1439 4647 1493 4711 (²)
1526 4647 1588 4699 E.
1621 4647 1887 4700 cretensis.
2031 4643 2085 4707 (⁸)
2118 4646 2228 4704 11⁷,
2261 4640 2386 4693 felix
2418 4640 2468 4690 in
2503 4638 2703 4702 proelio,
2738 4651 2878 4688 cum.
