3704 5559
904 463 1046 529 412
1618 476 2026 530 coMEN'rUM
2076 477 2516 531 PURGATonlr

902 643 1048 696 non
1111 622 1323 695 satiat
1380 622 1781 716 appetitum
1836 628 2077 714 tuum,
2127 624 2374 694 vedrae·
2422 623 2765 711 Beacrioe,
2817 620 3023 715 idest,
3078 641 3251 716 spe-

901 741 1262 817 culaberis
1312 742 1778 838 theologiam,
1829 741 1923 815 ad
1976 762 2202 836 quam
2254 741 2569 836 pertinet
2621 741 3010 816 ostendere
3060 741 3248 813 frui-

904 862 1176 937 tionem
1212 861 1483 935 summi
1535 861 1747 955 boni,
1783 861 1946 935 ideo
1980 861 2189 936 dicit:
2228 869 2294 934 ec
2323 865 2457 933 ella
2483 864 2918 952 pienamente
2957 863 3007 933 ti
3040 851 3245 933 torra*

899 991 1136 1074 questa
1186 990 1252 1054 et
1297 985 1595 1055 ciascun'
1623 986 1814 1055 altra
1863 982 2145 1072 brama,
2198 981 2402 1074 idest,
2445 980 2744 1073 famem,
2780 980 3051 1054 scilicet
3099 980 3240 1054 du-

899 1102 1323 1175 bitationem
1361 1101 1548 1175 fidei.
1587 1102 1673 1173 Et
1708 1101 1829 1174 dat
1867 1100 2209 1197 Virgilius
2242 1100 2606 1194 optimum
2648 1100 3033 1173 consilium
3070 1120 3240 1195 per-

899 1221 1233 1295 veniendi
1285 1221 1426 1294 cito
1476 1221 1569 1294 ad
1620 1219 2054 1314 Beatricem,
2107 1219 2392 1294 dicens:
2437 1222 2818 1312 procace-ia
2850 1241 2997 1311 pur
3031 1222 3147 1292 che
3179 1223 3237 1293 le

899 1343 1140 1432 cinque
1159 1344 1443 1433 piaqhe,
1482 1341 1663 1415 idest
1695 1335 1791 1436 (¹),
1844 1342 2102 1437 plagae,
2140 1361 2308 1435 quae
2342 1347 2513 1414 sunt
2556 1341 2865 1414 vulnera
2903 1342 3229 1415 mortalia

900 1461 1190 1556 animae,
1226 1468 1399 1535 tosto
1440 1465 1645 1534 siano
1677 1470 1936 1554 spente,
1973 1462 2178 1554 idest,
2216 1461 2690 1555 mortificatae,
2727 1483 2920 1533 come
2951 1484 3081 1534 son
3120 1453 3241 1553 yid

900 1583 962 1654 le
1010 1584 1169 1672 due,
1211 1582 1481 1656 scilicet
1515 1581 1856 1676 superbia
1894 1588 1967 1655 et
2001 1580 2293 1675 invidia,
2331 1581 2581 1675 peiora
2617 1581 2919 1653 caeteris.
2959 1582 3046 1654 Et
3080 1588 3240 1655 tan-

897 1699 1004 1796 git
1053 1701 1357 1775 modum
1410 1700 1886 1796 purgationiS,
1950 1699 2235 1774 dicens:
2290 1703 2409 1772 che
2469 1703 2533 1772 si
2588 1703 2978 1790 ricleiudon,
3037 1701 3239 1794 idest,

899 1828 1271 1916 sanantur,
1319 1843 1452 1913 per
1502 1843 1691 1894 esser
1741 1825 2036 1910 dolente,
2089 1840 2221 1914 per
2275 1841 2528 1895 veram
2583 1820 3108 1915 poenitentiam.

1053 1945 1275 2013 Come.
1330 1940 1471 2014 Ista
1524 1948 1632 2015 est
1686 1940 1897 2015 tertia
1934 1961 2104 2035 pars
2137 1940 2524 2036 generaliS,
2562 1940 2634 2012 in
2677 1961 2823 2033 qua
2862 1947 3073 2033 poeta
3108 1961 3243 2015 no-

899 2068 1049 2135 ster
1100 2061 1439 2135 describit
1492 2081 1717 2134 unam
1771 2082 1986 2134 suam
2039 2059 2394 2134 visionem
2447 2080 2578 2153 per
2625 2080 2852 2153 quam
2888 2060 3099 2135 docet
3131 2061 3243 2134 vi-

900 2186 1060 2253 tare
1112 2187 1185 2254 et
1233 2199 1657 2274 praecavere
1707 2180 1969 2252 vitium
2024 2179 2153 2252 irae
2203 2199 2336 2275 per
2378 2180 2716 2273 quaedam
2764 2179 3237 2254 memoranda

901 2298 1239 2392 exempla
1292 2317 1801 2391 personarum,
1857 2318 2024 2392 quae
2074 2319 2249 2372 cum
2311 2299 2668 2373 haberent
2716 2300 2998 2394 justam
3062 2321 3239 2374 cau-

902 2438 1059 2491 sam
1097 2416 1476 2510 irascendi,
1515 2438 1667 2490 usae
1718 2425 1890 2491 sunt
1923 2418 2308 2493 clementia
2344 2427 2418 2493 et
2453 2420 2898 2515 benignitate
2934 2440 3229 2517 magna:

901 2545 975 2613 et
1024 2539 1262 2633 primo
1314 2537 1745 2612 continuans
1795 2546 2077 2633 partem
2131 2540 2316 2635 parti
2371 2540 2682 2614 ostendit
2724 2543 3097 2635 quomodo
3132 2539 3239 2613 di-

903 2657 1213 2753 spositus
1264 2657 1484 2731 suerit
1517 2657 1610 2730 ad
1647 2679 1913 2732 novam
1954 2659 2364 2754 materiam,
2401 2659 2680 2734 dicens:
2725 2664 2912 2733 Com’
2938 2664 3007 2734 io
3043 2663 3236 2733 volea

900 2782 1112 2873 dicer,
1165 2778 1457 2873 scilicet,
1512 2778 1850 2874 Virgilio:
1907 2787 1975 2853 cu
2039 2783 2130 2852 m’
2157 2783 2498 2872 appayhe,
2564 2779 2768 2874 idest,
2832 2782 3117 2874 quietas
3165 2786 3237 2854 et

899 2904 1273 2973 contentas
1325 2919 1468 2992 me,
1523 2901 1761 2971 vidimi
1806 2903 2046 2990 qiunco
2094 2902 2169 2972 in
2217 2921 2300 2971 su
2342 2903 2385 2972 l'
2412 2902 2599 2971 altro
2649 2904 2927 2991 girone,
2971 2900 3238 2974 scilicet

901 3020 1137 3114 tertio,
1183 3019 1307 3091 ubi
1343 3018 1645 3114 punitur
1680 3019 1825 3112 ira3
1863 3026 1937 3093 et
1969 3019 2177 3092 dicit:
2220 3012 2279 3092 εὶ
2314 3022 2432 3091 clte
2472 3023 2533 3091 le
2573 3023 2707 3092 luci
2747 3024 3004 3112 vayhe,
3030 3021 3230 3112 idest,

897 3140 1090 3215 oculi
1140 3140 1331 3214 avidi
1386 3138 1669 3213 videndi
1718 3138 2098 3232 novitateS,
2138 3142 2234 3211 mi
2277 3143 2391 3232 ser
2441 3148 2710 3232 tacere;
2762 3147 2833 3215 et
2885 3141 3230 3213 continuo

896 3259 1123 3331 clausi
1176 3258 1427 3331 oculos
1479 3263 1552 3331 et
1603 3257 2034 3331 obdormivi.
2098 3258 2301 3332 Unde
2352 3258 2560 3332 dicit:
2622 3263 2742 3351 ivi,
2803 3260 2876 3331 in
2933 3257 3231 3331 introitu

897 3377 1176 3470 circuli,
1229 3380 1325 3448 mi
1362 3397 1593 3468 parve
1658 3398 1846 3448 esser
1906 3384 2118 3449 tracto
2169 3380 2244 3450 di
2298 3379 2545 3468 subite,
2591 3399 2684 3453 ex
2713 3370 2786 3471 (²)
2846 3379 3233 3472 insperatO,

893 3501 968 3570 in
1001 3517 1144 3570 una
1182 3499 1439 3568 visione
1473 3499 1782 3588 estalica,
1818 3496 2022 3591 idest,
2059 3499 2519 3572 abstractiva.
2566 3498 2845 3571 Extasis
2884 3498 3081 3571 enim
3125 3503 3235 3571 est

897 3617 1191 3712 quando
1230 3637 1438 3690 mens
1479 3623 1588 3691 est
1620 3617 1934 3692 alienata
1972 3638 2118 3691 non
2169 3638 2300 3712 per
2338 3618 2884 3711 revelationem,
2920 3618 3044 3691 sed
3093 3617 3238 3690 for-

895 3745 1043 3814 tem
1098 3737 1718 3834 imaginationem,
1773 3758 1942 3832 quae
1995 3737 2233 3812 trabit·
2266 3748 2342 3814 et
2390 3747 2698 3833 occupat
2752 3759 2918 3811 eam
2971 3739 3073 3812 sic
3124 3744 3237 3812 to-

896 3867 1071 3953 tam,
1126 3858 1322 3953 quod
1374 3858 1570 3932 aliud
1625 3880 1770 3932 non
1820 3865 2193 3952 operatur.
2233 3857 2321 3933 Et
2355 3858 2592 3951 primo
2644 3857 2967 3932 occurrit
3010 3857 3235 3932 menti

893 4000 1048 4052 suae
1116 3979 1502 4053 abstractae
1580 3978 1699 4052 illa
1761 3977 2140 4051 laudabilis
2203 3977 2608 4050 moderatio
2675 3977 2899 4050 animi
2969 3976 3236 4069 Mariae,

893 4119 1061 4192 quae
1102 4118 1275 4171 cum
1313 4118 1444 4192 per
1498 4097 1824 4171 triduum
1882 4096 2260 4191 quaesisset
2311 4095 2565 4189 filium,
2609 4097 2929 4191 tandem,
2969 4096 3089 4169 illo
3125 4095 3232 4169 in—

889 4223 1131 4309 vento,
1178 4237 1324 4289 non
1374 4217 1563 4293 sicut
1613 4216 1899 4290 fecisset
1948 4215 2094 4290 alia
2147 4215 2414 4290 mulier
2466 4216 2739 4290 exarsit
2769 4206 2841 4308 (³)
2887 4216 2960 4288 in
3013 4215 3225 4310 iram,

1013 4441 1069 4504 (¹)
1102 4444 1211 4501 117,
1246 4442 1389 4503 idest,
1425 4450 1651 4506 peccata,
1685 4459 1820 4509 que.
2237 4441 2293 4506 (³)
2329 4447 2436 4499 117.
2470 4458 2534 4493 ex
2567 4444 2867 4507 inspectata.

1013 4518 1067 4582 (¹)
1100 4520 1161 4569 E.
1192 4520 1419 4571 excussit
1463 4521 1516 4571 in
1558 4523 1707 4582 iram,
1760 4535 1866 4571 non
1910 4527 2083 4572 tamen
2133 4521 2391 4581 clamavit,
2433 4534 2531 4571 nec
2565 4520 2951 4585 blasphemavit,
2988 4531 3086 4569 nec
3118 4520 3235 4570 vin-

885 4596 1079 4647 dictam
1111 4596 1462 4658 comminuit,
1499 4597 1606 4648 imo
1637 4600 1778 4648 suavi
1814 4611 1941 4651 voce
1976 4597 2191 4660 benigne
2224 4597 2371 4648 dixit:
2407 4597 2498 4648 flli.
