3704 5559
2657 512 2790 578 113

449 895 779 965 GANTUS
825 899 1246 979 QUARTUS,
1294 901 1366 966 in
1410 921 1529 983 quo
1574 906 1809 966 tractat
1836 903 1999 966 sicut
2026 907 2274 968 secutus
2318 909 2412 969 est
2452 904 2791 988 Wryzlium

600 1031 794 1093 super
834 1017 1100 1077 montem
1146 1011 1570 1077 declarantem
1612 1012 1736 1076 sibi
1771 1011 1907 1076 alia
1949 1012 2026 1077 de
2045 1013 2356 1095 planetis5
2405 1020 2465 1079 et
2507 1016 2790 1098 sequitur

604 1123 765 1188 simet
790 1124 1161 1187 invenerunt
1189 1125 1460 1205 spiritus
1490 1123 1745 1187 illorum
1790 1124 1899 1205 qui
1941 1123 2326 1207 neqliqentes
2356 1126 2633 1207 fuerunt,
2665 1127 2780 1192 sub

602 1235 780 1299 titulo
825 1234 1185 1317 Belacquoe,
1232 1235 1550 1318 loquentes
1594 1234 1802 1300 Danti
1845 1240 1906 1299 et
1957 1236 2351 1303 declarantes
2396 1239 2456 1303 ei
2498 1240 2788 1320 quaestio-

600 1365 742 1410 nem
783 1346 1196 1413 restaurandi
1238 1351 1501 1427 tempus,

609 1647 1029 1854 thvoo
1067 1764 1204 1836 per
1253 1747 1618 1817 dileltanze
1666 1764 1881 1817 ovver
1911 1766 2049 1837 per
2098 1748 2343 1836 doylie.
2388 1747 2784 1841 Postquam

441 1861 519 1933 in
554 1863 910 1957 superiori
938 1863 1253 1957 capitulo
1283 1864 1618 1957 proxime
1646 1865 2081 1959 praecedenti
2106 1872 2320 1960 poeta
2349 1873 2596 1940 noster
2633 1873 2783 1940 tra-

441 1982 664 2055 ctavit
691 1980 765 2074 (¹)
813 1990 886 2057 et
926 1982 1438 2058 determinavit
1472 1983 1565 2058 de
1598 1984 1918 2058 secunda
1953 1984 2191 2079 specie
2232 1985 2782 2081 negligentium,

443 2102 568 2196 qui
633 2103 1072 2179 distulerunt
1134 2105 1635 2199 poenitentiam
1701 2104 1793 2178 ad
1856 2104 2198 2178 ultimum
2261 2107 2426 2178 vitae
2487 2113 2785 2201 propter

446 2224 1322 2318 excommunicationem3
1376 2245 1573 2299 nunc
1612 2233 2149 2319 consequenter
2183 2226 2255 2298 in
2290 2226 2427 2299 isto
2460 2226 2776 2321 capitulo

441 2350 710 2435 quarto
762 2344 912 2440 agit
945 2351 1018 2419 et
1055 2351 1316 2418 tractat
1366 2344 1457 2418 de
1511 2346 1723 2420 tertia
1774 2346 2014 2439 specie
2061 2346 2608 2442 negligentium,
2654 2347 2780 2440 qui

440 2470 916 2538 cessaverunt
969 2464 1212 2539 facere
1263 2484 1487 2558 opera
1525 2465 1900 2539 meritoria
1941 2486 2180 2559 usque
2231 2467 2302 2538 in
2356 2466 2575 2542 finem
2613 2487 2785 2560 pro-

440 2589 606 2678 pter
657 2587 884 2658 solam
930 2586 1292 2681 pigritiam
1350 2592 1422 2659 et
1474 2586 1863 2682 ignaviam.
1903 2586 1990 2658 Et
2025 2606 2343 2679 praesens
2378 2587 2778 2680 capitulum

438 2702 729 2778 videtur
756 2695 831 2797 (²)
887 2725 1018 2800 per
1070 2725 1149 2778 se
1199 2704 1612 2778 distinctum
1671 2706 1743 2777 in
1792 2711 1941 2779 tres
1980 2713 2223 2801 partes
2256 2706 2670 2802 generales3
2706 2704 2782 2776 in

435 2826 676 2921 prima
729 2846 1047 2919 quarum
1101 2836 1313 2921 poeta
1367 2827 1801 2900 continuans
1852 2847 1932 2900 se
1982 2827 2074 2900 ad
2128 2826 2609 2921 praecedentia
2652 2824 2782 2899 de-

434 2945 686 3019 scribit
734 2967 945 3019 suam
1008 2945 1542 3040 dispositionem
1607 2952 1680 3020 et
1748 2946 1941 3020 viam
2005 2967 2136 3041 per
2202 2967 2426 3040 quam
2489 2946 2781 3018 intravit

433 3064 511 3138 in
566 3072 917 3139 montem.
955 3066 1032 3138 In
1069 3066 1389 3140 secunda
1425 3065 1766 3139 describit
1798 3065 2336 3161 dispositionem
2376 3065 2540 3139 coeli
2586 3064 2776 3137 illius

437 3186 857 3280 hemisperii
910 3186 1291 3279 inferioriS‚
1346 3186 1480 3259 ibi:
1535 3193 1594 3259 A
1647 3189 1849 3259 seder
1899 3190 1966 3259 ci
2006 3208 2395 3279 ponemmO.
2434 3187 2514 3258 In
2563 3185 2777 3259 tertia

434 3312 510 3381 et
558 3307 819 3382 ultima
870 3306 1209 3380 describit
1260 3313 1535 3381 sectam
1591 3307 1897 3381 istorum
1961 3307 2368 3404 pigrorum,
2422 3315 2495 3381 et
2547 3328 2780 3379 unum

434 3425 732 3500 illorum
774 3427 846 3498 in
883 3426 1193 3521 speciali,
1240 3426 1363 3519 qui
1405 3426 1757 3500 moderne
1799 3427 2040 3501 fuerat
2074 3427 2203 3501 sibi
2242 3435 2461 3500 notus
2498 3428 2570 3499 in
2605 3426 2776 3518 vita,

435 3546 575 3620 ibi:
612 3553 738 3620 Ma
769 3569 842 3619 se
874 3568 922 3619 a
958 3554 1019 3619 le
1044 3550 1262 3638 piace.
1304 3547 1410 3620 Ad
1445 3547 1766 3641 primum
1815 3548 1976 3621 dico
2014 3546 2210 3640 quod
2254 3552 2466 3640 poeta
2506 3544 2780 3619 descri-

434 3669 542 3742 bit
593 3689 724 3764 per
775 3668 1394 3743 continuationem
1447 3667 1984 3763 dispositionem
2030 3689 2241 3741 suam
2296 3667 2487 3740 circa
2544 3670 2779 3738 mate-

437 3789 625 3862 riam
679 3787 1236 3883 praecedentem.
1290 3788 1378 3861 Et
1427 3787 1616 3861 istud
1687 3786 2088 3881 capitulum
2152 3806 2298 3859 non
2358 3792 2470 3860 est
2536 3784 2779 3857 minus

436 3909 702 3984 subtile
753 3930 977 4003 quam
1030 3908 1482 4002 praecedens3
1534 3909 1745 3982 cuius
1796 3908 2032 4002 prima
2086 3927 2254 4001 pars
2306 3912 2416 3980 est
2475 3911 2778 3979 natura-

437 4030 547 4124 lis,
598 4029 918 4103 secunda
969 4028 1424 4123 astrologica,
1481 4028 1692 4102 tertia
1745 4027 2064 4101 moralis,
2101 4027 2189 4100 Et
2230 4026 2304 4099 in
2357 4026 2488 4098 ista
2541 4025 2777 4119 prima

436 4155 647 4244 parte
695 4149 1212 4242 continuativa,
1258 4154 1473 4244 poeta
1525 4147 2051 4222 sententialiter
2087 4146 2240 4221 vult
2279 4147 2544 4241 dicere,
2578 4146 2775 4241 quod

436 4269 592 4364 ipse
641 4289 815 4343 cum
867 4275 1068 4343 tanta
1119 4268 1519 4342 attentione
1580 4272 1879 4341 steterat
1938 4267 2260 4341 intentus
2322 4268 2416 4341 ad
2473 4267 2780 4342 audien-

439 4388 617 4463 dum
665 4408 918 4484 regem
954 4388 1405 4462 Manfredum
1446 4389 1868 4481 loquentem
1911 4407 2189 4481 secum,
2226 4388 2423 4482 quod
2460 4389 2776 4462 multum

562 4575 617 4638 (¹)
652 4575 712 4624 B.
744 4576 984 4625 tractavit
1015 4580 1069 4625 et
1100 4576 1412 4627 examinavit
1441 4588 1534 4626 seu
1567 4574 1944 4625 determinavit.

563 4648 620 4712 (¹)
651 4651 714 4701 13.
747 4651 994 4702 dividitur
1024 4653 1079 4702 in
1112 4657 1234 4704 tres.

704 4755 786 4801 111.
2484 4762 2512 4802 8
