3704 5559
1194 497 1467 551 CANTUS
1518 497 1828 552 nEcuuUs
1879 498 2264 553 SECUNDUS.
2754 488 2894 554 325

553 645 1009 740 parationem
1045 642 1508 716 artificiosam
1554 643 1803 735 valde,
1848 651 1922 717 et
1958 644 2115 717 vult
2157 643 2401 717 dicere
2450 644 2523 715 in
2575 665 2893 738 summa,

553 765 749 859 quod
801 765 990 838 sicut
1041 770 1268 857 petrae
1332 783 1500 856 quae
1566 769 1824 858 tegunt
1889 763 2222 857 sepulcra
2291 770 2756 837 mortuorum
2824 765 2898 836 in

556 894 751 961 terra
818 886 1089 959 habent
1153 885 1509 978 sculptam
1581 883 1899 979 figuram
1972 884 2233 977 sepulti
2300 883 2391 956 ad
2461 885 2891 957 memoriam

554 1007 735 1100 eiuS,
789 1006 888 1080 ita
941 1006 1138 1100 quod
1191 1005 1549 1078 transiens
1603 1016 1732 1098 per
1784 1004 1973 1098 ipsas
2024 1004 2097 1075 in
2153 1004 2471 1076 claustro
2526 1003 2770 1077 firmat
2820 1025 2899 1077 se

558 1133 630 1201 et
684 1126 989 1220 respicit,
1044 1130 1117 1199 et
1168 1125 1517 1198 invitatur
1571 1124 1939 1197 interdum
1993 1123 2081 1196 ad
2144 1124 2507 1218 lacrymas
2568 1124 2898 1196 conside-

561 1269 730 1321 rans
765 1247 926 1339 quis
979 1247 1110 1318 fuit
1161 1246 1382 1318 homo
1427 1245 1550 1338 qui
1584 1246 1782 1340 jacet
1817 1245 1949 1337 ibi,
1987 1244 2085 1317 ita
2121 1266 2164 1317 a
2201 1244 2412 1316 simili
2452 1251 2662 1318 erant
2702 1264 2895 1316 nunc

558 1367 673 1441 hic
723 1372 1157 1461 apparentes
1208 1365 1513 1439 diversae
1566 1365 1923 1460 imagines
1976 1365 2465 1458 superborum
2515 1371 2587 1437 et
2639 1384 2899 1458 super-

558 1487 870 1560 biarum.
910 1486 1180 1559 Ordina
1233 1486 1334 1558 sic
1387 1485 1671 1558 literam
1712 1492 1784 1557 et
1819 1490 2203 1557 construe:
2240 1477 2300 1555 si
2336 1487 2471 1556 vid’
2498 1488 2566 1557 io
2602 1478 2672 1574 li,
2727 1479 2897 1575 in(¹)

558 1606 676 1679 illo
742 1606 981 1699 primo
1049 1604 1348 1697 circulO,
1410 1607 1720 1695 fiyuraco
1785 1611 2044 1693 quanto
2109 1625 2395 1675 avanza
2454 1625 2586 1695 per
2652 1607 2767 1675 via
2827 1607 2904 1676 di

552 1731 725 1820 faor
773 1728 900 1798 dal
947 1731 1193 1797 monle.
1260 1723 1477 1810 Quasi
1534 1722 1745 1813 dicat,
1820 1729 2051 1796 totum
2108 1723 2281 1796 illud
2334 1724 2644 1816 spatium
2701 1723 2895 1816 quod

555 1845 725 1925 facit
777 1845 971 1918 viam
1026 1844 1221 1918 circa
1277 1848 1628 1934 montem,
1676 1863 1901 1935 quam
1958 1842 2148 1914 viam
2195 1844 2351 1937 jam
2405 1864 2628 1937 supra
2683 1863 2901 1917 voca-

557 1964 659 2038 vit
709 1964 1104 2056 cornicem,
1146 1963 1244 2035 ita
1280 1961 1476 2054 quod
1514 1968 1663 2035 tota
1717 1962 1834 2035 illa
1890 1962 2005 2036 via
2059 1950 2181 2034 ubi
2237 1961 2730 2056 puniebantur
2772 1984 2900 2034 su-

557 2083 786 2178 perbi,
839 2103 972 2178 per
1024 2103 1245 2175 quam
1303 2102 1498 2154 nunc
1551 2081 1769 2173 ibant,
1808 2088 1967 2154 erat
2004 2086 2151 2154 tota
2188 2082 2400 2175 plena
2447 2081 2666 2154 variis
2709 2081 2900 2175 figu-

561 2204 680 2277 ris.
735 2205 822 2276 Et
875 2203 1076 2276 dicit:
1131 2224 1248 2274 ma
1283 2205 1358 2274 di
1399 2204 1680 2291 miylior
1724 2202 2154 2291 sembianza,
2191 2200 2393 2292 idest,
2430 2200 2895 2294 apparentiae,

557 2328 853 2397 secondo
904 2326 1312 2416 fartifim‘05
1355 2322 1527 2414 quia
1579 2321 1914 2394 subtilius
1949 2326 2022 2393 et
2055 2319 2503 2393 artificialius
2551 2320 2899 2393 videban-

561 2449 681 2517 tur
733 2444 1078 2540 figurare,
1133 2442 1305 2535 quia
1359 2462 1504 2515 non
1564 2447 1725 2515 arte
1789 2441 2113 2512 humana
2166 2439 2291 2512 sed
2350 2439 2626 2512 divina:
2684 2439 2899 2512 modo

559 2563 713 2636 redi
766 2584 1031 2657 supra,
1083 2552 1275 2634 come
1325 2565 1386 2634 le
1436 2562 1655 2633 tombe
1693 2567 2049 2650 terraque,
2088 2558 2290 2650 idest,
2335 2559 2667 2652 sepulcra
2707 2558 2898 2631 sacta

560 2682 631 2755 in
682 2687 906 2776 terra,
961 2680 1131 2775 quia
1184 2680 1370 2754 facta
1424 2680 1496 2752 in
1550 2699 1768 2751 muro
1822 2678 1937 2752 vel
1974 2678 2046 2749 in
2082 2677 2227 2751 alto
2264 2697 2408 2749 non
2451 2677 2774 2750 facerent
2808 2675 2898 2748 ad

558 2803 1036 2898 propositum,
1080 2809 1349 2894 por-tan
1391 2807 1707 2890 seynato,
1744 2800 1949 2891 idest,
1994 2799 2418 2893 figuratum,
2460 2818 2680 2889 sopra
2724 2799 2752 2868 i
2789 2817 2899 2868 se-

547 2925 751 3013 polli,
802 2922 1094 3015 scilicet,
1149 2921 1482 3012 mortuiS,
1510 2923 1667 3012 quel
1695 2922 1796 2991 clz'
1817 2921 1930 2991 elli
1973 2939 2148 2990 eran
2175 2920 2371 3008 ρνία,
2408 2916 2698 3006 scilicet,
2740 2914 2896 2988 talis

558 3042 670 3114 vir
720 3041 1004 3136 sapiens
1054 3042 1169 3115 vel
1221 3041 1498 3135 potens,
1548 3032 1801 3131 perche‘
1848 3042 1923 3111 di
1972 3041 2084 3110 lor
2137 3039 2475 3109 memoria
2523 3039 2662 3126 sia,
2699 3040 2773 3109 et
2807 3035 2897 3108 ad

555 3162 940 3236 utilitatem
998 3160 1391 3253 vivorum,
1448 3159 1644 3233 unde
1710 3159 1926 3232 dicit:
1989 3161 2167 3231 onde
2230 3152 2278 3229 li
2335 3160 2537 3229 molle
2602 3159 2778 3229 volte
2834 3160 2900 3229 si

552 3285 900 3374 ripiaqne,
963 3281 1167 3374 idest,
1234 3281 1568 3375 ploratur
1636 3300 1682 3353 a
1746 3278 2197 3372 respiciente,
2264 3298 2395 3369 per
2462 3281 2535 3350 la
2585 3285 2899 3370 puntura

555 3405 739 3475 della
787 3403 1342 3489 rimembranza,
1385 3399 1589 3492 idest,
1628 3420 1718 3472 ex
1774 3398 2043 3492 pietate
2093 3404 2165 3471 et
2217 3396 2718 3490 compassione
2780 3398 2937 3469 re-⁴

554 3521 1014 3614 cordationis,
1059 3520 1233 3613 quia
1268 3520 1465 3593 venit
1517 3520 1591 3591 in
1643 3524 1968 3593 mentem
2013 3518 2175 3611 quis
2208 3508 2279 3608 (²)
2336 3516 2553 3590 fuerit
2599 3523 2673 3590 et
2724 3516 2897 3609 quid

555 3663 752 3716 nunc
802 3648 950 3736 est3
1007 3647 1082 3716 et
1129 3640 1346 3714 dicit:
1400 3643 1544 3729 che,
1587 3640 1790 3732 idest,
1829 3660 1996 3732 quae
2034 3638 2463 3730 recordatio,
2500 3640 2651 3709 solo
2692 3640 2766 3709 ai
2791 3641 2896 3728 pii

556 3753 653 3834 ἀὰ
710 3765 882 3834 delle
940 3764 1314 3854 calca9n85
1379 3761 1551 3853 quia
1623 3760 1863 3833 solum
1943 3759 2275 3831 homines
2346 3757 2440 3851 pii
2504 3763 2899 3831 moventur

559 3880 917 3954 memoria
969 3886 1462 3973 mortuorum,
1520 3899 1664 3951 non
1718 3878 1938 3972 impii.
1995 3878 2092 3949 Et⁴
2145 3877 2259 3949 liic
2313 3883 2481 3949 nota
2535 3884 2892 3968 quantum

555 3999 1005 4095 comparatio
1058 4000 1224 4074 facit
1277 3999 1704 4073 mirabiliter
1763 3997 1858 4083 ad
1919 3996 2392 4090 propositum.
2448 3995 2649 4069 Sicut
2699 3996 2893 4069 enim

552 4120 939 4194 ambulans
975 4140 1104 4214 per
1145 4120 1654 4194 coemeterium
1699 4119 1813 4192 vel
1868 4118 2272 4191 claustrum
2326 4115 2649 4190 ecclesiae
2699 4116 2895 4190 videt

553 4240 827 4335 figuras
880 4246 1349 4315 mortuorum
1402 4250 1478 4314 et
1528 4239 1940 4315 considerat
1982 4238 2177 4332 quod
2224 4258 2370 4310 non
2422 4243 2531 4310 est
2580 4238 2894 4332 amplius

550 4362 773 4462 homo
826 4360 951 4435 sed
1004 4360 1277 4436 vermis
1327 4366 1401 4436 et
1450 4360 1724 4455 pulvis3
1764 4363 2059 4454 propter
2094 4356 2290 4450 quod
2326 4356 2383 4430 si
2412 4347 2485 4448 (⁸)
2526 4346 2636 4431 est
2671 4359 2893 4432 homo

671 4546 728 4609 (¹)
759 4547 821 4597 E.
852 4547 984 4597 idest
1014 4547 1067 4597 in
1098 4547 1207 4598 illo.
1604 4544 1662 4608 (³)
1696 4546 1757 4597 E.
1792 4547 1908 4611 quis
1940 4545 2126 4605 suem,
2160 4549 2213 4595 et
2245 4545 2360 4609 quis
2391 4558 2547 4595 nunc.

672 4623 725 4685 (¹)
759 4621 822 4672 Β.
852 4622 987 4673 sicut
1017 4623 1177 4674 homo
1209 4623 1337 4674 bene
1368 4623 1658 4687 dispositus.
