3704 5559
1122 488 1399 542 CANTUS
1451 488 1764 542 DECIMUS
1815 489 2179 543 summus.
2683 480 2824 545 463

488 644 632 712 tem
688 635 929 732 angeli
981 655 1112 728 per
1181 632 1800 727 comparationem
1870 633 2238 729 propriam
2297 634 2580 709 dicens:
2639 628 2698 708 si
2742 642 2828 730 sa

484 778 615 830 con
666 759 810 847 noi,
863 755 1161 848 scilicet,
1212 753 1333 827 ille
1385 752 1680 848 spiritus
1713 754 2109 850 angelicuS,
2145 776 2336 827 come
2378 758 2422 828 l'
2450 776 2613 828 nom
2655 761 2719 829 si
2746 762 2832 851 fa

485 899 688 971 εεῃος
736 876 944 970 quasi
996 876 1220 949 dicat:
1273 874 1462 948 sicut
1510 875 1732 948 homo
1767 894 1861 948 ex
1896 875 2213 968 quadam
2253 877 2567 950 naturali
2605 877 2834 953 bene-

489 997 806 1072 volentia
857 1003 929 1070 et
980 995 1286 1070 caritate
1334 994 1700 1068 succurrit
1749 994 1883 1067 sibi
1935 994 2063 1089 ipsi
2118 997 2410 1088 quando
2476 1004 2586 1071 est
2646 1019 2832 1093 opus

491 1118 645 1192 sine
704 1136 924 1211 prece
980 1114 1304 1208 alteriuS,
1357 1114 1458 1187 ita
1511 1135 1706 1189 nunc
1766 1115 1900 1189 iste
1951 1115 2257 1211 angelus
2320 1138 2399 1190 se
2457 1118 2675 1192 habet
2738 1120 2831 1193 ad

491 1256 624 1310 nos
675 1244 748 1310 et
799 1235 1149 1330 praevenit
1199 1255 1453 1329 preces
1505 1242 1808 1308 nostras.
1867 1235 1955 1307 Et
2009 1236 2083 1308 in
2133 1237 2272 1310 hoc
2325 1236 2665 1333 Virgilius
2706 1258 2833 1319 ar-,

489 1355 649 1452 guit
674 1375 1149 1429 communem
1177 1374 1512 1429 errorem
1541 1355 1950 1449 hominum,
1981 1355 2106 1449 qui
2144 1356 2468 1431 videntes
2503 1357 2832 1454 indigen-

493 1477 666 1552 tiam
719 1476 1055 1572 proximi,
1108 1475 1276 1550 licet
1325 1476 1549 1549 velint
1583 1476 1999 1570 subvenire,
2036 1482 2284 1551 tamen
2336 1484 2724 1573 expectant
2759 1488 2833 1553 et

492 1597 748 1671 volunt
800 1596 1065 1693 rogari.
1118 1596 1324 1669 Unde
1386 1595 1588 1669 dicit:
1644 1592 1766 1669 che*
1820 1600 2048 1688 quale,
2117 1596 2298 1671 idest
2352 1598 2829 1692 quicumque,

493 1724 758 1809 aspecta
806 1719 860 1789 il
900 1719 1147 1808 prieyo
1182 1738 1219 1788 e
1260 1718 1304 1788 l'
1330 1736 1514 1807 uopo
1549 1718 1738 1807 vede,
1776 1716 1980 1810 idest,
2018 1717 2518 1791 necessitatem
2558 1725 2630 1792 et
2672 1718 2834 1795 ino-

497 1835 715 1931 piam,
766 1838 1297 1926 maliynamence
1356 1826 1479 1926 yid
1540 1839 1604 1908 si
1664 1842 1858 1909 mette
1920 1840 1998 1910 al
2050 1859 2272 1931 ne90;
2325 1839 2534 1932 quasi
2600 1839 2830 1913 dicat:

485 1957 641 2051 jam
696 1955 981 2029 videtur
1035 1955 1252 2030 tacite
1304 1976 1599 2051 negare,
1654 1963 1728 2029 et
1777 1957 2172 2033 crudeliter
2240 1959 2391 2055 agit
2449 1967 2522 2034 et
2573 1965 2836 2035 contra

494 2074 898 2168 caritatem,
950 2075 1244 2168 quando
1297 2095 1445 2148 non
1478 2077 1829 2171 praevenit
1870 2098 2166 2171 precem
2202 2079 2260 2151 si
2301 2080 2673 2174 cognoscit
2724 2080 2836 2153 in-

497 2192 888 2289 digentiam
942 2193 1292 2288 hominis3
1346 2194 1519 2288 quia
1570 2215 1748 2292 ergo
1799 2199 2107 2293 angelus
2151 2204 2297 2272 tam
2336 2199 2651 2295 henigne
2702 2199 2837 2274 do-

499 2313 650 2388 cuit
699 2313 915 2408 viam,
968 2314 1129 2389 ideo
1188 2314 1530 2412 Virgilius
1591 2318 1850 2395 suadet
1914 2338 2076 2393 esse
2133 2319 2620 2393 obediendum
2676 2320 2832 2415 sibi,

499 2432 777 2508 dicens:
842 2439 945 2509 Or
992 2439 1440 2510 secondiamo
1490 2459 1539 2509 α
1589 2446 1781 2512 tanco
1830 2442 2044 2513 invito
2101 2442 2157 2512 il
2192 2444 2370 2532 pede
2379 2469 2409 2534 ,·
2462 2442 2671 2535 quasi
2724 2442 2836 2517 di-

499 2561 652 2630 cat:
704 2575 885 2652 ergo
938 2577 1100 2653 age,
1144 2577 1553 2651 sequamur
1605 2569 1678 2634 et
1728 2559 2088 2634 intremus
2136 2561 2354 2655 viam,
2382 2565 2835 2653 procacciam

496 2677 572 2749 di
619 2679 822 2768 satir,
872 2677 1079 2772 idest,
1130 2698 1620 2772 procuremus
1678 2681 2077 2756 ascendere
2135 2683 2429 2774 scalam,
2485 2685 2655 2775 pria
2717 2685 2838 2756 che

497 2799 552 2868 s’
571 2797 801 2887 abbui,
855 2796 1058 2892 idest,
1109 2804 1508 2893 antequam
1564 2800 1686 2874 fiat
1740 2821 1885 2875 nox
1940 2803 2293 2896 obscura3
2330 2810 2402 2878 et
2444 2823 2620 2878 ecce
2654 2826 2836 2879 cau-

501 2934 705 2987 sam:
760 2909 885 2989 che‘
940 2920 1065 3009 poi
1127 2939 1271 2991 non
1330 2923 1394 2992 si
1451 2923 1690 3012 poria,
1751 2922 2028 3016 supple,
2088 2925 2292 3012 satir,
2342 2945 2417 2995 se
2450 2926 2500 2994 ’l
2559 2917 2631 2996 di
2695 2945 2840 2997 non

497 3036 731 3128 riede;
782 3056 957 3110 cum
1008 3037 1164 3112 sole
1223 3058 1438 3133 novo,
1493 3040 1665 3133 quia
1728 3040 1820 3115 de
1874 3047 2088 3115 nocte
2139 3062 2550 3135 numquam
2603 3050 2843 3139 potest

502 3155 587 3228 iri
622 3176 752 3250 per
800 3159 1337 3255 purgatorium.
1376 3160 1463 3233 Et
1497 3162 1897 3235 concludit:
1936 3156 2077 3235 cosi
2125 3165 2180 3236 il
2226 3166 2363 3236 mio
2414 3166 2621 3255 duca,
2657 3163 2845 3239 idest

500 3275 836 3373 Virgilius
886 3278 983 3352 ita
1038 3279 1326 3354 locutus
1377 3285 1486 3355 est
1540 3280 1712 3354 mihi
1775 3282 1868 3356 de
1933 3282 2218 3380 angelo,
2285 3290 2358 3358 et
2421 3283 2844 3359 invitatione

500 3415 656 3469 sua.
686 3436 786 3449 —
808 3402 897 3471 Et
940 3400 1032 3471 io,
1083 3398 1216 3474 Hic
1262 3405 1478 3494 poeta
1514 3400 1856 3476 describit
1894 3404 2396 3479 ascensionem
2444 3423 2615 3477 cum
2660 3425 2843 3498 pur-

499 3517 794 3613 gatione
824 3539 982 3613 sua,
1018 3518 1301 3595 dicens:
1338 3525 1429 3595 Ee
1472 3524 1543 3594 io
1594 3543 1726 3595 con
1764 3526 1861 3595 lui
1902 3527 2283 3615 volyemmo
2324 3528 2352 3597 i
2383 3528 2608 3597 nostri
2640 3526 2844 3617 passi

501 3642 600 3713 ad
658 3661 806 3713 una
869 3645 1091 3734 scala,
1158 3662 1327 3736 quae
1395 3642 1713 3718 ducebat
1786 3644 1880 3719 ad
1954 3653 2304 3739 quartum
2358 3645 2745 3739 circulum,
2807 3668 2845 3719 e

502 3765 675 3833 tosto
724 3763 825 3833 ch’
849 3765 920 3836 io
970 3765 1049 3835 al
1082 3765 1324 3855 primo
1356 3767 1593 3855 arado
1620 3767 1755 3858 fui,
1807 3770 1891 3837 ut
1943 3765 2291 3839 intrarem
2346 3766 2643 3857 scalam,
2680 3786 2841 3838 sen-

503 3881 670 3962 ti'mi
694 3901 943 3973 presso
975 3885 1181 3975 quasi
1211 3904 1309 3958 un
1346 3905 1633 3959 mnover
1685 3887 1752 3958 α’
1778 3888 1943 3978 αΙα,·
1996 3886 2152 3959 haec
2203 3891 2364 3960 erat
2414 3885 2529 3959 ala
2573 3885 2841 3982 angeli,

503 4020 541 4071 e
575 4004 918 4075 ventarmi
946 4005 1065 4076 nel
1100 4006 1277 4096 vise,
1312 4011 1387 4080 et
1420 4005 1668 4081 delere
1717 4027 1951 4080 unum
1984 3999 2057 4098 (¹)
2103 4011 2487 4099 peccatum
2521 4027 2566 4079 a
2604 4005 2846 4081 fronte

505 4138 693 4214 mea,
728 4120 1021 4218 scilicet,
1059 4131 1446 4219 peccatum
1482 4125 1633 4220 irae,
1663 4126 1862 4220 quod
1896 4125 2216 4201 declarat
2255 4125 2467 4199 litera
2502 4146 2843 4221 sequen8‚

504 4259 671 4331 quae
745 4240 951 4316 dicit:
1015 4265 1053 4316 e
1127 4246 1275 4337 dir,
1352 4265 1612 4321 versus
1686 4266 1847 4321 me:
1902 4250 2103 4319 Beati
2154 4249 2456 4340 pacifici,
2527 4250 2646 4321 che
2711 4268 2842 4332 son

500 4360 691 4431 senz’
704 4362 823 4433 ira
847 4364 1060 4444 mala.
1089 4365 1180 4438 Et
1213 4364 1330 4440 hic
1363 4371 1537 4441 nota
1562 4366 1752 4442 bene
1786 4367 1983 4461 quod
2004 4357 2080 4460 (²)
2106 4366 2481 4464 signanter
2521 4368 2702 4442 dixit
2733 4368 2842 4448 ira

623 4546 681 4610 (¹)
715 4551 823 4610 11⁷,
857 4565 1021 4602 unum
1053 4527 1157 4604 P'a
1189 4552 1363 4605 fronte
1394 4567 1529 4605 mea.

621 4620 678 4686 (¹)
712 4630 821 4688 11⁷,
853 4629 994 4692 quoa
1026 4633 1178 4694 poen
1205 4635 1384 4683 mater
1414 4632 1694 4697 signnm.
