3704 5559
1314 507 1589 562 CANTUs
1639 509 2027 563 SECUNDUS.
2749 500 2839 564 79

496 654 692 749 quod
744 655 1048 749 ignarus
1101 655 1402 728 musicae
1457 655 1938 749 reputabatur
2001 656 2355 748 indoctus,
2409 657 2597 730 sicut
2657 658 2845 730 The-

494 776 857 849 mistocles
909 775 1511 868 praeclarissimus
1561 775 1712 848 dux
1765 782 1838 849 et
1890 776 2356 870 philosophus
2404 776 2847 851 atheniensis

493 900 830 991 culpatus
882 901 991 969 est
1043 895 1216 989 quia
1269 895 1342 967 in
1393 896 1729 969 convivio
1781 897 2019 991 lyram
2079 898 2465 971 recusavit.
2522 898 2607 970 Et
2658 898 2848 991 Epa-

496 1017 876 1090 minondas
952 1016 1503 1090 strenuissimus
1579 1016 1731 1089 dux
1809 1017 2169 1090 thebanus
2256 1019 2503 1090 similis
2591 1017 2847 1092 Catoni

493 1138 874 1232 superiori,
930 1136 1002 1209 in
1056 1143 1256 1210 tanta
1318 1157 1572 1210 rerum
1634 1137 1988 1211 industria
2056 1139 2393 1213 laudatus
2454 1146 2586 1232 est,
2647 1138 2845 1233 quod

493 1257 764 1331 sciebat
813 1258 1086 1351 optime
1136 1277 1405 1331 canere
1442 1258 1622 1351 lyra,
1659 1257 1847 1330 sicut
1879 1249 1951 1348 (¹)
2001 1259 2277 1331 Tullius
2323 1260 2509 1334 libro
2562 1261 2846 1332 Tuscu-

495 1377 875 1450 lanarum:
937 1384 1011 1450 et
1062 1376 1370 1450 Achilles
1423 1377 1718 1470 juvenis
1770 1397 1848 1450 se
1899 1397 2079 1450 sono
2143 1378 2320 1473 lyrae
2371 1400 2416 1453 a
2469 1379 2844 1452 laboribus

495 1497 916 1589 recreabat3
983 1503 1057 1569 et
1115 1496 1450 1569 Socrates
1502 1517 1727 1570 senex
1781 1497 1854 1568 in
1907 1497 2108 1570 senio
2162 1518 2306 1571 non
2359 1499 2844 1572 erubescebat

491 1614 773 1690 discere
808 1615 1187 1689 musicam.
1218 1615 1304 1687 Et
1340 1615 1530 1689 idem
1569 1616 1844 1688 Tullius
1881 1617 2202 1690 secundo
2237 1618 2328 1692 de
2354 1620 2668 1714 Legibus
2704 1618 2846 1691 mi-

494 1737 819 1811 rabiliter
869 1736 1337 1810 commendat
1390 1736 1774 1829 musicam,
1819 1743 1894 1809 et
1935 1737 2190 1831 pulcre
2229 1738 2548 1833 disputat
2583 1746 2842 1812 utrum

494 1859 583 1933 sit
635 1857 847 1951 utilis,
901 1864 974 1932 et
1027 1856 1339 1930 ostendit
1392 1857 1586 1949 quod
1643 1878 1885 1950 neque
1937 1858 2263 1951 colenda,
2315 1879 2557 1952 neque
2610 1859 2844 1955 negli-

492 1979 731 2075 genda
783 1977 1035 2051 sit.'Et
1073 1978 1278 2050 Plato
1329 1976 1442 2049 vir
1492 1976 1712 2049 divini
1756 1976 2023 2072 ingenii
2059 1978 2458 2051 arbitratus
2511 1986 2621 2052 est
2673 2000 2844 2050 mu-

493 2099 717 2174 sicam
770 2097 864 2172 ad
914 2103 1186 2173 statum
1255 2097 1407 2170 sive
1470 2097 2020 2191 corruptionem
2087 2118 2384 2170 morum
2452 2119 2539 2171 ac
2593 2098 2843 2191 reipu-

492 2219 700 2294 blicae
752 2218 1140 2313 pertinere.
1194 2218 1390 2290 Nero
1441 2224 1691 2290 autem
1731 2217 1826 2290 ita
1864 2217 2220 2290 alienatus
2264 2223 2374 2291 est
2425 2224 2673 2291 mente
2707 2237 2840 2311 per

496 2340 880 2433 musicam,
919 2339 1114 2432 quod
1150 2337 1222 2410 in
1260 2338 1521 2410 ultimo
1560 2337 1976 2411 discrimine
2010 2338 2286 2431 positus
2324 2338 2656 2432 deflebat,
2697 2358 2842 2411 non

495 2466 814 2555 quantus
847 2450 919 2550 (²)
971 2457 1305 2553 princeps
1356 2457 1481 2531 sed
1535 2459 1769 2551 qualis
1821 2458 2146 2531 musicus
2199 2460 2494 2553 periret,
2532 2467 2613 2532 ut
2661 2459 2842 2531 scri—

494 2580 597 2654 bit
647 2578 1033 2654 Svetonius
1085 2579 1159 2651 in
1206 2585 1435 2652 sexto.
1466 2619 1565 2631 —
1599 2584 1821 2650 Come.
1861 2579 1990 2652 Hic
2029 2579 2285 2651 ultimo
2320 2588 2533 2673 poeta
2569 2579 2839 2653 descri-

493 2700 599 2774 bit
648 2720 1023 2775 recessum
1074 2699 1365 2772 illarum
1413 2700 1833 2771 animarum
1888 2718 2018 2793 per
2071 2719 2297 2771 unam
2352 2696 2839 2793 comparatio-

496 2840 665 2895 nem
727 2819 1248 2913 domesticam3
1311 2827 1384 2893 et
1448 2819 1770 2893 breviter
1821 2819 2013 2910 dicit,
2080 2818 2277 2910 quod
2339 2818 2449 2889 isti
2514 2818 2845 2891 fecerunt

492 2959 690 3015 nunc
740 2940 929 3013 sicut
978 2940 1325 3033 columbi,
1380 2939 1503 3033 qui
1570 2938 2025 3012 intendentes
2088 2937 2180 3010 ad
2242 2937 2676 3031 capiendum
2741 2936 2846 3009 ci-

495 3059 701 3153 bum,
738 3058 1070 3133 exterriti
1114 3062 1440 3134 clamore
1474 3059 1590 3132 vel
1627 3058 1934 3151 strepitu
1972 3056 2281 3130 alicuius
2317 3056 2847 3151 supervenien-

500 3180 612 3274 tis,
639 3180 881 3254 subito
913 3180 1306 3275 aufugiunt
1342 3179 1639 3253 dimisso
1676 3179 1872 3252 victu
1911 3197 2068 3251 suo.
2099 3173 2368 3250 Ordina
2396 3177 2497 3250 sic
2533 3177 2846 3269 literam,

492 3321 660 3396 quae
710 3300 999 3376 videtur
1053 3300 1425 3373 intricata:
1480 3301 1615 3373 vid’
1643 3304 1739 3390 ἑο,
1791 3299 2062 3372 scilicet
2101 3319 2240 3394 ego
2281 3300 2571 3390 Dantae,
2621 3299 2848 3387 quella

493 3425 847 3495 masnada
879 3426 1143 3515 fresca,
1180 3421 1386 3514 idest,
1424 3420 1720 3493 turbam
1759 3440 2029 3493 novam
2067 3419 2360 3491 illarum
2396 3418 2843 3507 animarum,

495 3543 734 3615 lassat·
766 3545 851 3613 ‘lo
899 3549 1132 3632 cante,
1174 3541 1365 3613 illius
1416 3540 1736 3633 Casellae,
1773 3561 1810 3610 e
1851 3541 2099 3631 suqyir
2150 3533 2272 3609 ver
2324 3541 2397 3608 la
2447 3543 2668 3626 costa,
2704 3535 2846 3608 sci-

490 3661 659 3738 licet
709 3663 978 3736 montis
1028 3661 1455 3758 purgatorii,
1508 3663 1680 3733 com’
1706 3680 1866 3730 uom
1919 3661 2039 3730 clze
2089 3678 2207 3748 va,
2247 3654 2340 3730 ne*
2367 3679 2452 3729 sa
2493 3660 2669 3730 dove
2701 3659 2846 3729 rie-

488 3805 640 3876 sca,
680 3785 856 3878 quia
891 3782 1017 3878 qui
1060 3781 1304 3877 incipit
1340 3782 1641 3856 tendere
1682 3779 1776 3853 ad
1816 3778 2165 3852 virtutem
2221 3777 2508 3873 ignorat
2559 3777 2844 3850 exitum

490 3911 567 3982 et
612 3903 877 3999 finem3
943 3895 1085 3976 cosi
1134 3924 1326 3976 come
1386 3906 1436 3976 li
1495 3901 1814 3991 columbi,
1865 3900 2141 3994 supple,
2197 3898 2507 3992 fugiunt,
2562 3898 2846 3987 quando

492 4028 787 4101 adunati
834 4027 982 4098 alla
1020 4031 1354 4118 pastura,
1390 4023 1464 4096 in
1514 4042 1776 4116 campo
1827 4019 1955 4092 ubi
2008 4024 2434 4115 pascuntur,
2483 4017 2846 4107 coqliendo

492 4145 707 4219 biuda
757 4166 802 4218 o
853 4147 1092 4236 loquo,
1144 4146 1325 4236 queti
1370 4163 1589 4215 senza
1624 4148 1936 4213 mostrar
1970 4141 2015 4211 l'
2039 4145 2239 4211 usato
2274 4140 2626 4228 or909li0,
2662 4134 2850 4209 idest

494 4263 793 4342 dimisso
860 4285 1130 4362 magno
1193 4283 1584 4337 murmure
1644 4282 1780 4335 suo
1843 4259 2183 4353 naturali,
2255 4261 2523 4331 lascian
2581 4257 2846 4330 subita-

492 4392 715 4460 mente
759 4392 915 4459 star
970 4386 1016 4457 Γ
1044 4405 1228 4476 esca,
1301 4404 1448 4476 qua
1513 4388 1663 4455 tam
1729 4380 2040 4454 dulciter
2102 4379 2615 4474 pascebantur,
2673 4398 2849 4468 per-

617 4640 673 4705 (¹)
706 4641 767 4690 E.
802 4642 934 4691 sicut
966 4642 1147 4692 scribit
1178 4642 1399 4692 Tullius.
1749 4635 1803 4699 (’)
1836 4637 1898 4686 E.
1932 4651 2037 4686 non
2069 4642 2342 4701 quantum.
