3704 5559
822 459 914 524 48
1539 467 1946 521 coMENTUM
1997 466 2440 520 PURGATORH

820 622 977 689 ret:
1033 617 1177 688 heu
1234 634 1356 688 me
1409 613 1790 705 miserum,
1834 611 2011 706 quid
2053 612 2188 685 feci
2227 633 2358 706 per
2395 618 2684 684 tantum
2719 615 3065 707 tempus?
3092 603 3168 702 (¹)

817 740 891 809 et
942 755 1034 808 ex
1085 734 1380 829 gaudio,
1434 733 1608 828 quia
1645 732 1938 807 videbat
1971 753 2052 806 se
2097 732 2519 827 pervenisse
2552 730 2644 804 ad
2681 732 2959 805 bonum
3003 751 3174 825 por-

816 862 1003 949 tum,
1040 855 1166 928 ubi
1203 854 1594 929 evomebat
1627 874 1929 928 omnem
1972 852 2538 926 amaritudinem
2572 843 2645 944 β)
2683 852 2910 926 maris
2943 873 3166 945 quam

814 975 938 1050 diu
1003 978 1371 1068 hauserat,
1425 980 1500 1048 et
1568 973 1967 1047 imbibebat
2031 973 2324 1047 dulcem
2389 993 2639 1047 rorem
2706 973 2834 1066 qui
2885 973 3170 1047 abster-

814 1097 1036 1193 gebat
1094 1115 1391 1170 omnem
1454 1092 1872 1189 rubiginem
1933 1093 2027 1166 ab
2080 1092 2450 1167 intellectu
2504 1114 2664 1167 suo.
2711 1093 2919 1167 Unde
2969 1092 3170 1188 ponit

817 1217 1161 1291 effectum
1216 1215 1433 1288 huius
1484 1220 1753 1288 sanctae
1795 1213 2105 1307 lotioniS,
2143 1212 2429 1287 dicens:
2480 1216 2669 1304 quivi
2699 1217 2798 1285 mi
2823 1217 2969 1305 fece
3002 1219 3170 1285 tutto

816 1340 1242 1428 discoperlo,
1308 1335 1522 1428 idest,
1596 1333 2059 1407 manifestum
2083 1387 2102 1426 ,
2165 1336 2324 1423 quel
2395 1337 2630 1425 color,
2699 1333 2969 1407 scilicet
3034 1351 3167 1404 na-

817 1455 1157 1547 turalem,
1209 1457 1329 1526 che
1396 1457 1442 1526 Γ
1464 1457 1745 1547 inferno
1795 1456 1894 1525 mi
1941 1473 2257 1543 nascose,
2310 1452 2483 1545 quia
2537 1453 2758 1526 homo
2812 1451 3164 1545 quamdiu

816 1582 928 1649 est
977 1575 1049 1648 in
1103 1575 1386 1648 inferno
1455 1595 1602 1647 non
1668 1578 1902 1668 potest
1968 1573 2183 1668 plene
2249 1592 2696 1667 cognoscere
2758 1572 3164 1667 Virgilium,

813 1694 1020 1789 idest,
1059 1696 1419 1770 rationem¹
1454 1695 1896 1786 naturalem,
1938 1693 2368 1788 prohibente
2403 1700 2723 1788 peccato,
2767 1701 3043 1787 quantu
3057 1715 3167 1765 m-

815 1835 1143 1907 cumque
1210 1815 1546 1889 videatur
1613 1814 1900 1907 sapiens
1981 1820 2056 1887 et
2126 1813 2353 1886 multa
2434 1813 2643 1907 scire,
2716 1813 2889 1906 quia
2957 1813 3169 1887 multi

816 1936 1049 2008 multa
1103 1934 1361 2027 sciunt,
1415 1941 1488 2008 et
1539 1955 1619 2008 se
1659 1934 1849 2027 ipsos
1893 1933 2265 2026 nesciunt3
2308 1933 2521 2006 multi
2556 1940 2900 2027 quaerunt
2936 1934 3170 2007 scien-

819 2053 1020 2147 tiam,
1073 2053 1287 2147 pauci
1339 2073 1520 2127 vero
1585 2053 2127 2127 conscientiam.
2157 2094 2256 2106 —
2295 2058 2662 2127 VenimmO.
2725 2055 2856 2128 Hic
2908 2054 3169 2127 ultimo

817 2179 1031 2268 poeta
1086 2171 1396 2245 ostendit
1455 2172 1770 2264 qualiter
1823 2172 2165 2268 Virgilius
2225 2174 2615 2247 recinxerit
2667 2194 2841 2248 eum
2899 2174 3169 2268 junco;

820 2298 895 2366 et
964 2291 1203 2385 primo
1267 2291 1606 2364 describit
1668 2292 1915 2364 locum
1979 2291 2103 2364 ubi
2170 2292 2545 2365 abundant
2600 2293 2831 2388 junci,
2883 2293 3166 2366 dicens:

836 2414 1183 2485 Venimmo
1206 2413 1358 2502 poi,
1411 2409 1838 2484 recedentes
1889 2430 1935 2484 a
1982 2411 2145 2484 loco
2194 2411 2536 2505 herboso,
2591 2412 2803 2506 pleno
2857 2431 3050 2503 rore,
3093 2412 3166 2481 in

820 2535 933 2604 sul
978 2533 1098 2603 lico
1150 2530 1436 2621 diserte,
1490 2529 1688 2623 quod
1735 2551 1781 2603 a
1819 2530 2021 2604 nullo
2053 2530 2449 2625 habitatur,
2483 2552 2528 2604 a
2571 2532 2773 2604 nullo
2823 2530 3171 2623 frequen-

821 2657 1062 2745 tatur,
1097 2652 1262 2725 ideo
1300 2650 1517 2724 dicit:
1555 2654 1676 2723 che
1707 2655 1856 2724 mai
1885 2672 2031 2724 non
2063 2654 2218 2724 vide
2250 2673 2412 2724 uem
2445 2655 2744 2724 navicar
2775 2674 2895 2724 sue
2926 2674 3168 2744 aeque,

821 2774 940 2846 che
987 2775 1097 2845 sia
1148 2774 1399 2865 pescia
1457 2778 1726 2863 esperlo
1788 2773 1867 2845 di
1926 2779 2238 2845 tornare.
2309 2772 2450 2846 Per
2510 2772 2646 2847 hoc
2712 2774 2869 2847 vult
2926 2772 3172 2847 dicere

822 2892 1021 2986 quod
1073 2892 1253 2966 nulli
1304 2899 1610 2987 possunt
1641 2892 1999 2967 accedere
2031 2892 2125 2965 ad
2166 2892 2562 2987 antipodes,
2599 2892 2655 2966 si
2693 2900 2941 2967 tamen
2978 2898 3169 2984 sunt,

820 3013 1009 3085 sicut
1055 3018 1276 3108 negat
1314 3012 1768 3109 Augustinus
1805 3012 1990 3086 libro
2032 3012 2126 3085 de
2174 3011 2481 3086 Civitate
2515 3012 2682 3085 Dei:
2724 3016 2969 3086 Nullus
3002 3035 3172 3102 erqo

823 3135 1057 3203 vivens
1104 3135 1249 3222 ivit,
1300 3135 1418 3223 qui
1465 3153 1773 3225 unquam
1822 3139 2302 3204 reverteretur.
2340 3132 2494 3205 Hoc
2527 3131 2696 3205 dicit
2742 3152 2876 3226 pro
2917 3133 3167 3226 Ulyxe,

822 3251 948 3344 qui
999 3251 1305 3325 tentavit
1364 3251 1537 3326 illuc
1600 3251 1955 3325 accedere
2015 3251 2423 3325 secundum
2487 3249 2853 3325 fictionem
2912 3257 3168 3345 poetae,

822 3372 948 3446 sed
1009 3371 1153 3444 cito
1217 3371 1457 3466 ipsum
1527 3372 1883 3467 poenituit.
1956 3373 2044 3444 Et
2118 3378 2458 3445 notanter
2525 3370 2704 3444 dixit
2770 3371 3169 3465 hominem,

822 3492 996 3585 quia
1063 3491 1426 3587 Angelum
1495 3492 1686 3566 bene
1752 3492 1930 3566 vidit
1998 3492 2348 3589 navigare
2420 3513 2592 3565 suas
2663 3512 2919 3586 aquaS,
2986 3493 3170 3566 sicut

821 3612 1063 3686 statim
1117 3613 1390 3707 patebit
1437 3612 1754 3706 capitulo
1807 3614 2130 3687 secundo
2182 3614 2538 3705 sequenti.
2603 3614 2692 3685 Et
2752 3618 2924 3687 nota
2975 3611 3172 3705 quod

819 3732 987 3808 licet
1037 3732 1247 3807 litera
1316 3752 1408 3807 ex
1470 3733 1677 3807 dictis
1741 3733 2077 3807 videatur
2136 3733 2308 3806 satis
2371 3734 2595 3826 clara,
2646 3738 2894 3807 tamen
2952 3732 3174 3804 hahet

819 3852 1298 3927 occultiorem
1350 3851 1823 3928 intellectum.
1879 3851 2048 3924 Vult
2100 3851 2294 3924 enim
2364 3851 2610 3925 dicere
2669 3851 2870 3944 quod
2931 3850 3174 3923 nullus

818 3980 991 4049 ante
1033 3994 1207 4048 eum
1262 3973 1392 4048 ivit
1432 3972 1525 4046 ad
1565 3971 2263 4070 purgatoriumalta
2296 3971 2677 4066 phantasia
2714 3971 2999 4062 mentiS,
3037 3987 3172 4042 nec

817 4095 1101 4190 poetice
1164 4094 1539 4188 descripsit
1602 4093 2142 4189 purgatorium,
2209 4091 2406 4186 quod
2469 4092 2808 4166 sciamus.
2863 4090 3012 4163 Nec
3064 4087 3175 4160 vi-

818 4215 1084 4289 deatur
1137 4214 1262 4287 tibi
1323 4215 1454 4289 ista
1519 4212 1874 4308 expositio
1923 4213 2183 4305 aliena,
2235 4213 2488 4305 lector,
2554 4211 2728 4305 quia
2790 4214 3006 4304 poeta
3056 4226 3174 4281 se-

821 4333 1063 4407 cundo
1115 4333 1432 4428 capitulo
1486 4334 1829 4426 Paradisi,
1868 4332 2062 4407 idem
2112 4331 2284 4405 dicit
2332 4332 2425 4406 de
2476 4330 2786 4405 materia
2836 4326 3170 4424 paradisi,

949 4581 1005 4646 (¹)
1038 4582 1099 4631 E.
1135 4585 1372 4645 tempus?
1404 4596 1468 4634 ex
1496 4584 1699 4648 gaudio.
2045 4581 2101 4646 (⁸)
2136 4583 2197 4634 Ε.
2230 4584 2628 4635 amaritudinem
2661 4595 2834 4646 quam.
