3704 5559
880 487 1022 555 458
1606 499 2011 553 coMEN'rUM
2063 498 2499 553 PURGA'ronn

874 644 1043 740 gina
1098 645 1443 737 requisita
1479 665 1523 718 a
1566 663 1745 738 rege
1788 642 1962 736 quid
2001 642 2236 736 vellet,
2274 640 2528 735 petivit
2561 640 3064 715 liberationem
3101 643 3217 717 sui

875 764 1121 859 populi
1172 763 1448 838 hebraei
1499 783 1723 857 quem
1774 765 2012 835 Aman
2064 761 2556 836 destinaverat
2590 760 2831 834 morti.
2868 761 3025 836 Rex
3070 762 3218 835 ira-

876 893 996 961 tus
1059 906 1370 983 surgens
1439 883 1736 958 intravit
1804 882 2259 976 viridarium,
2310 888 2385 956 et
2433 883 2671 955 Aman
2739 882 3041 957 territus
3090 883 3217 955 ivit

878 1027 1139 1081 versus
1194 1006 1524 1102 reginam
1583 1011 1661 1078 ut
1710 1004 2036 1097 placaret
2088 1023 2294 1077 eam:
2350 1008 2425 1077 et
2476 1022 2650 1076 ecce
2703 1023 2833 1077 rex
2879 1023 3221 1077 reversus

878 1126 952 1198 in
1002 1126 1425 1200 cubiculum
1480 1124 1753 1219 reperit
1803 1124 2037 1198 Aman
2093 1123 2222 1217 qui
2271 1129 2660 1197 corruerat
2709 1143 2933 1217 super
2983 1124 3220 1197 lectu-

877 1247 1035 1318 lum
1088 1245 1160 1318 in
1213 1267 1363 1339 quo
1414 1244 1710 1319 sedebat
1751 1244 2031 1337 Esther,
2069 1250 2143 1317 et
2176 1243 2392 1316 dixit:
2431 1244 2651 1317 etiam
2690 1243 3019 1339 reginam
3064 1245 3219 1318 vult

878 1367 1297 1462 opprimere
1368 1386 1489 1440 me
1556 1369 1964 1458 praesente?
2015 1365 2102 1436 Et
2152 1364 2503 1438 continuo
2575 1385 2767 1436 unus
2835 1364 3220 1437 eunuchus

879 1486 1056 1559 dixit
1110 1486 1304 1581 regi:
1353 1485 1516 1560 vide
1550 1484 1829 1580 lignum
1868 1484 2063 1578 quod
2103 1483 2345 1578 parari
2381 1482 2549 1557 fecit
2582 1503 2715 1578 pro
2754 1490 2994 1557 morte
3028 1485 3218 1556 Mar-

878 1604 1176 1680 dochaei.
1231 1605 1363 1680 Cui
1415 1604 1593 1678 dixit
1644 1624 1810 1678 rex:
1864 1603 2247 1697 appendite
2297 1623 2471 1677 eum
2528 1603 2601 1675 in
2652 1623 2783 1677 eo:
2839 1609 2913 1676 et
2963 1602 3063 1677 sic
3114 1603 3223 1676 sa-

879 1734 1080 1801 ctum
1137 1734 1267 1820 est,
1322 1732 1395 1799 et
1449 1725 1639 1820 regis
1692 1725 1800 1797 ira
1855 1724 2152 1817 quievit,
2191 1730 2263 1798 et
2315 1724 2661 1797 continuo
2708 1744 2837 1798 rex
2883 1722 3222 1797 substulit

876 1848 1416 1922 Mardochaeum
1470 1846 1542 1919 in
1596 1846 1840 1928 locum
1877 1847 2137 1938 Aman,
2180 1844 2360 1918 dans
2395 1844 2529 1918 sibi
2570 1844 2953 1936 annulum,
3016 1850 3089 1917 et
3129 1843 3220 1916 ad

877 1988 1133 2063 preces
1184 1967 1444 2040 Esther
1495 1964 1869 2039 revocavit
1919 1964 2165 2038 literas
2217 1963 2474 2037 missas
2526 1964 2598 2036 in
2649 1963 3038 2058 perniciem
3088 1962 3220 2056 ju-

875 2087 1252 2178 daeorum3
1307 2092 1381 2159 et
1433 2085 1688 2158 decem
1742 2084 1865 2157 filii
1915 2084 2153 2157 Aman
2209 2084 2538 2179 suspensi
2600 2090 2791 2178 sunt,
2846 2095 2921 2159 et
2969 2084 3219 2156 multi-

878 2204 1057 2278 tudo
1112 2204 1433 2278 maxima
1485 2203 1865 2278 interfecta
1916 2212 2023 2277 est
2074 2225 2118 2276 a
2160 2205 2422 2299 judaeis
2489 2224 2805 2278 numero
2834 2197 2908 2295 (¹)
2956 2223 3220 2277 eorum

882 2323 1010 2416 qui
1061 2328 1502 2417 paraverant
1555 2322 1967 2397 interficere
2018 2343 2165 2397 eos.
2218 2324 2393 2412 Quis
2425 2315 2496 2416 (²)
2554 2324 2624 2396 in
2688 2325 2829 2397 hoc
2882 2343 3030 2396 non
3082 2323 3223 2395 mi-

882 2450 1092 2517 retur
1117 2443 1475 2538 justitiam
1519 2451 1593 2517 et
1632 2443 2057 2538 sapientiam
2096 2444 2276 2519 Dei?
2311 2445 2436 2539 qui
2474 2464 2620 2518 non
2654 2445 2895 2517 solum
2933 2443 3214 2538 punivit

881 2561 1406 2658 malignitatem
1458 2563 1716 2657 Aman,
1769 2564 1896 2637 sed
1949 2565 2362 2661 excogitata
2425 2565 2500 2637 in
2560 2564 2787 2639 alium
2854 2570 3219 2639 tormenta

880 2683 1240 2759 convertit
1267 2683 1338 2756 in
1365 2688 1576 2758 eum!
1612 2685 1820 2758 Nunc
1856 2684 1948 2757 ad
1984 2685 2271 2759 literam
2307 2684 2475 2758 dicit
2510 2691 2761 2781 poeta:
2793 2689 3219 2777 Poipiovve,

881 2805 1172 2899 scilicet,
1238 2826 1370 2901 per
1440 2805 2016 2902 imaginativam,
2086 2809 2334 2879 dentro
2397 2808 2515 2878 all'
2542 2809 2689 2880 alta
2750 2810 3065 2900 fantasia
3127 2827 3223 2879 un

879 2929 1258 3019 crucifissO,
1302 2926 1571 3000 scilicet
1604 2925 1839 3000 Aman
1892 2926 2084 3000 altus
2135 2926 2491 3021 princepS,
2531 2927 2657 3020 qui
2705 2927 3067 3001 exaltatus
3115 2932 3224 2999 est

877 3044 953 3118 in
1002 3066 1302 3119 crucem
1355 3045 1777 3118 altissimam
1816 3066 1988 3119 cum
2033 3066 2324 3118 summa
2367 3046 2765 3142 ignominia
2819 3052 2892 3120 et
2944 3046 3224 3120 exalta-

878 3165 1074 3238 tione
1124 3165 1370 3257 hostiS,
1424 3186 1649 3258 quem
1702 3165 2162 3240 infestissime
2224 3165 2504 3260 oderat,
2571 3169 2959 3261 daspetcoso,
3012 3166 3220 3256 idest,

880 3283 1489 3379 indignabunduS,
1541 3307 1578 3357 e
1621 3287 1826 3376 fier0,
1881 3285 2063 3358 idest
2115 3286 2429 3360 crudelis
2498 3286 2670 3380 quia
2736 3306 3221 3360 numerosum

881 3422 1116 3498 genus
1160 3403 1628 3477 innocentum
1667 3405 1961 3478 volebat
1995 3406 2391 3480 crudeliter
2426 3407 2720 3482 tradere
2755 3407 2995 3500 morti,
3031 3410 3217 3480 nella

880 3543 1011 3596 sua
1063 3527 1264 3613 vista,
1315 3524 1519 3618 idest,
1572 3525 2016 3620 apparentia,
2071 3548 2107 3598 e
2170 3530 2357 3599 colal
2400 3531 2463 3601 si
2511 3531 2769 3619 moria,
2822 3549 2911 3601 ex
2975 3528 3085 3604 ira
3150 3536 3224 3604 et

880 3643 1374 3740 indignatione
1427 3645 1619 3741 regis
1661 3644 1999 3740 Assueri3
2046 3647 2241 3721 unde
2280 3646 2559 3720 subdit:
2595 3652 2876 3721 intorno
2912 3652 3009 3721 ad
3080 3671 3221 3740 3⁸80,

881 3764 1173 3859 scilicet,
1224 3765 1481 3859 Aman,
1535 3768 1587 3838 il
1630 3769 1906 3857 prande
1962 3772 2295 3856 Assuer0‚
2347 3768 2626 3862 supple,
2688 3768 2889 3861 pluit.
2947 3767 3035 3839 Et
3105 3767 3223 3840 bic
3367 3804 3373 3815 ·

881 3885 1047 3959 volo
1099 3891 1172 3958 te
1222 3885 1433 3978 scire,
1471 3885 1666 3978 quod
1705 3885 1818 3958 hic
1852 3885 2217 3960 Assuerus
2255 3885 2388 3958 fuit
2423 3886 2796 3961 Cambises
2830 3886 3020 3960 filius
3054 3886 3220 3984 Cyri

881 4005 1046 4080 victi
1082 4026 1127 4079 a
1160 4005 1502 4098 Thamiri,
1540 4005 1666 4098 qui
1700 4005 1896 4099 apud
1948 4007 2255 4081 Esdram
2307 4005 2572 4080 dicitur
2621 4007 3090 4099 Artaxerse53
3145 4006 3216 4078 in

880 4127 1124 4201 Iudith
1178 4146 1356 4200 vero
1408 4125 1674 4199 dicitur
1736 4125 2431 4221 Nabuchodonosor,
2488 4147 2710 4221 quem
2766 4134 2980 4221 poeta
3032 4128 3222 4201 bene

882 4252 1095 4320 vocat
1145 4267 1522 4341 magnum.
1576 4247 1759 4342 Nam
1816 4248 1968 4342 ipse
2009 4247 2325 4321 condidit
2363 4269 2707 4345 magnam
2743 4248 3218 4344 Babyloniam

882 4365 954 4441 in
1005 4365 1317 4460 AEgypto
1369 4371 1444 4439 et
1491 4366 1586 4440 ab
1620 4366 1818 4439 India
1855 4387 2096 4460 usque
2129 4367 2568 4462 AEthiopiam
2618 4367 2852 4442 tenuit
2903 4389 3220 4464 regnum

1008 4621 1063 4685 (¹)
1096 4622 1157 4672 E.
1190 4637 1222 4675 e
1253 4623 1305 4674 S.
1339 4625 1404 4674 do
1436 4638 1674 4675 numero.
2082 4624 2138 4689 (¹)
2166 4625 2218 4676 S.
2255 4639 2284 4677 e
2317 4626 2379 4676 E.
2412 4626 2538 4689 Quis
2569 4639 2697 4689 ergo
2731 4627 2782 4676 in
2809 4628 2926 4676 boc.
