3704 5559
1139 504 1416 557 CAN‘rus
1467 504 1779 558 nncmus
1828 503 2158 568 QUINTUS.
2683 491 2819 556 421
2940 469 2945 475 ’

476 651 732 749 porali,
785 649 910 725 sed
966 655 1261 744 propter
1293 643 1366 740 (¹)
1420 649 1597 722 illud
1646 656 1946 744 propter
2012 649 2209 742 quod
2271 648 2448 743 petit
2512 648 2631 722 ille
2695 648 2822 742 qui

479 773 672 846 videt
724 776 1010 846 tantum
1064 790 1236 843 cum
1291 771 1504 843 oculo
1557 769 1931 865 spirituali.
1976 769 2115 857 Qui
2168 769 2364 844 enim
2403 769 2596 843 videt
2648 789 2821 842 cum

475 894 694 967 oculo
737 889 1100 984 corporali
1137 896 1420 964 tantum
1483 890 1666 964 solet
1726 896 1980 984 petere
2013 889 2105 963 de
2150 889 2546 963 intentione
2595 888 2820 963 animi

481 1021 564 1088 ut
614 1012 1092 1105 certioretur3
1146 1010 1271 1104 qui
1323 1029 1503 1083 vero
1564 1009 1759 1083 videt
1811 1029 1984 1082 cum
2045 1010 2262 1083 oculo
2323 1009 2698 1104 spirituali,
2751 1015 2826 1082 et

481 1132 851 1229 cognoscit
900 1131 1440 1225 dispositionem
1493 1129 1987 1223 intrinsecam,
2025 1150 2173 1203 non
2215 1130 2388 1224 petit
2422 1122 2495 1221 (²)
2528 1129 2622 1203 ad
2657 1149 2826 1202 cer-

483 1253 899 1328 tiorandum
951 1272 1054 1344 se,
1107 1250 1232 1325 sed
1283 1250 1376 1324 ad
1427 1249 2015 1323 confirmandum
2061 1249 2432 1323 hominem
2475 1249 2546 1320 in
2602 1248 2824 1321 rebus

484 1373 740 1448 dubiis.
795 1372 902 1445 Ad
953 1371 1238 1446 literam
1294 1390 1512 1467 ergo:
1566 1370 1736 1444 dicit
1787 1368 2167 1464 Virgilius:
2223 1373 2384 1473 Non
2432 1369 2823 1458 dimandai,

483 1497 602 1567 che
651 1496 792 1584 1ιαί,
839 1514 970 1584 per
1021 1495 1178 1583 quel
1235 1494 1353 1563 che
1404 1496 1587 1585 sace,
1641 1491 1847 1583 idest,
1902 1495 2198 1583 propter
2258 1489 2455 1563 illam
2518 1508 2819 1562 causam

487 1619 780 1708 propter
833 1632 1061 1705 quam
1124 1610 1303 1706 petit
1362 1611 1584 1684 homo
1647 1608 1975 1682 mortalis
2035 1608 2107 1681 in
2168 1628 2478 1702 corpore
2547 1609 2823 1703 vivens,

486 1735 595 1806 chi
640 1735 924 1823 quarda
964 1754 1112 1824 pur
1143 1752 1275 1804 con
1316 1733 1360 1802 l’
1386 1732 1644 1821 occlaio,
1681 1729 1972 1822 scilicet,
2013 1729 2395 1822 corporali,
2435 1732 2579 1819 che,
2615 1728 2823 1823 idest,

489 1852 614 1946 qui
665 1852 946 1946 oculuS,
983 1872 1127 1923 non
1171 1853 1338 1922 vecte
1371 1852 1654 1942 quando
1694 1851 1750 1921 il
1778 1870 2022 1940 corp0‚
2060 1848 2350 1942 scilicet,
2387 1849 2821 1942 humanum,

484 1975 684 2063 mace
714 1974 1164 2062 disanimato,
1191 1969 1396 2063 idest,
1430 1974 1811 2043 mortuum
1831 1992 1851 2062 3
1892 1967 2062 2061 quia
2097 1975 2258 2063 post
2291 1973 2606 2043 mortem
2644 1989 2829 2043 ocu-

485 2092 600 2164 lus
663 2089 973 2163 hominis
1035 2110 1180 2163 non
1244 2090 1461 2183 videt,
1513 2088 1640 2163 sed
1708 2087 2101 2182 spiritualis
2168 2088 2290 2161 sic.
2353 2088 2557 2162 Unde
2615 2088 2825 2161 dicit:

485 2229 602 2282 ma
653 2212 1065 2282 dimanda’ti
1099 2231 1235 2303 per
1284 2213 1424 2283 dar
1467 2213 1685 2302 [οντα
1726 2211 1804 2280 al
1836 2211 2066 2300 piede,
2121 2209 2247 2302 qui
2302 2210 2685 2302 tremebat,
2754 2214 2830 2282 et

490 2328 792 2403 timebat
818 2328 1094 2403 intrare
1127 2330 1373 2405 locum
1412 2328 1536 2402 uhi
1571 2333 1934 2424 purgatur
1967 2328 2100 2421 ira,
2144 2327 2266 2401 ubi
2303 2335 2590 2423 oportet
2631 2328 2829 2422 quod

487 2449 710 2522 homo
763 2447 1086 2525 remittat
1137 2447 1437 2521 iniurias
1486 2455 1560 2522 et
1610 2448 1944 2542 offensas,
1990 2454 2064 2521 et
2097 2447 2387 2522 abiiciat
2420 2448 2824 2543 appetitum

488 2568 841 2642 vindictae.
894 2568 1102 2643 Unde
1153 2568 1338 2662 vide,
1392 2567 1590 2661 quod
1639 2567 1807 2641 licet
1856 2567 2043 2641 ratio
2077 2566 2420 2642 suaderet
2455 2568 2677 2640 istum
2715 2566 2828 2640 in·-

487 2690 816 2784 troitum,
872 2697 1119 2764 tamen
1170 2688 1405 2785 passio
1456 2687 1943 2781 dissuadebat,
1987 2694 2060 2762 et
2110 2688 2431 2762 dicebat:
2487 2688 2655 2760 volo
2697 2707 2828 2781 po-

489 2811 633 2884 tius
686 2810 794 2884 ire
847 2829 976 2903 per
1026 2828 1326 2883 omnem
1363 2805 1557 2882 viam
1596 2808 1880 2902 inferni,
1917 2828 2139 2901 quam
2178 2828 2309 2902 per
2350 2807 2584 2881 istam.
2621 2807 2828 2881 Unde

490 2930 699 3005 dicit:
751 2920 894 3002 cosi
941 2931 1291 3002 conviensi
1331 2933 1660 3022 fiuyare,
1708 2928 1913 3021 idest,
1950 2928 2331 3003 stimulare
2365 2934 2439 3003 et
2473 2947 2825 3024 pungere,

489 3053 517 3122 i
555 3051 778 3142 piyri,
815 3050 1002 3139 lenti,
1039 3046 1166 3141 qui
1198 3055 1370 3121 sunt
1402 3047 1590 3121 tardi
1640 3047 1732 3122 ad
1783 3047 2282 3142 poenitentiam
2339 3046 2631 3142 quando
2683 3053 2831 3121 ste·

490 3175 740 3244 terunt
786 3167 913 3242 diu
967 3168 1040 3240 in
1089 3188 1349 3242 somno
1399 3168 1699 3263 peccati,
1753 3172 1852 3243 ad
1899 3189 2074 3242 usar
2115 3172 2229 3241 lor
2277 3170 2513 3259 viqilia
2548 3168 2830 3259 quando

488 3292 705 3381 dede,
746 3288 952 3383 idest,
989 3287 1283 3382 quando
1335 3288 1750 3362 excitantur
1802 3295 1876 3363 et
1926 3288 2411 3383 disponuntur
2452 3288 2544 3363 ad
2594 3289 2831 3386 poeni-

493 3409 847 3502 tentiam;
899 3407 1000 3482 ita
1051 3408 1250 3502 quod
1301 3407 1641 3504 Virgilius
1693 3407 1767 3481 in
1819 3409 1936 3482 illa
1999 3409 2342 3504 petitione
2402 3429 2537 3482 sua
2590 3430 2832 3504 pupu-

489 3534 700 3625 gerat
749 3528 984 3623 ipsum
1041 3527 1280 3622 tacite,
1349 3528 1558 3621 quasi
1609 3528 1923 3604 diceret:
1987 3532 2083 3605 ah
2143 3530 2341 3604 canis
2408 3530 2830 3623 inhumane,

490 3668 723 3742 quare
775 3667 854 3722 es
890 3646 1142 3721 tardus
1176 3646 1269 3721 ad
1302 3647 1808 3741 parcendum?
1833 3688 1934 3702 -
1959 3651 2114 3721 Noi.
2152 3649 2281 3723 Hic
2319 3650 2576 3723 ultimo
2610 3656 2826 3744 poeta

491 3766 836 3841 claudens
885 3766 1284 3861 capitulum
1339 3766 1567 3862 tangit
1627 3767 2015 3843 materiam
2075 3769 2446 3863 sequentis
2509 3768 2830 3864 capituli,

492 3905 660 3979 quae
711 3890 820 3960 est
867 3885 961 3960 de
1008 3905 1228 3981 poena
1277 3885 1827 3981 iracundorum,
1882 3893 1957 3962 et
2004 3888 2243 3982 primo
2312 3888 2543 3985 tangit
2604 3909 2828 3961 suum

491 4024 939 4100 processum,
990 4004 1277 4081 dicens:
1332 4009 1470 4080 Noi
1519 4010 1877 4081 andavam
1919 4029 2054 4100 per
2103 4011 2171 4081 lo
2229 4030 2514 4100 vespero
2565 4011 2829 4101 attenti,

486 4125 582 4199 ad
631 4144 897 4200 novam
940 4130 1016 4200 et
1046 4113 1311 4202 fortem
1362 4127 1773 4221 materiam,
1810 4132 2012 4221 oltre,
2049 4136 2307 4220 quanto
2333 4125 2543 4221 pote'n
2575 4131 2676 4219 qli
2711 4150 2831 4202 oc-

487 4246 598 4317 clti
636 4246 1058 4337 allunyarsi,
1090 4251 1343 4320 contra
1391 4249 1419 4319 i
1464 4251 1702 4340 raym,
1753 4247 2048 4343 scilicet,
2084 4247 2275 4343 soli&
2325 4250 2613 4322 serotini
2648 4270 2687 4321 e
2724 4250 2835 4321 lu-

485 4366 686 4454 centi,
732 4363 913 4457 quia
962 4362 1185 4440 flebat
1235 4385 1426 4460 sero,
1479 4372 1554 4441 et
1604 4366 1710 4441 sol
1764 4368 2071 4442 tendens
2106 4368 2201 4443 ad
2248 4388 2591 4443 occasum
2631 4374 2833 4444 recte

614 4614 666 4673 (¹)
701 4613 762 4664 Β.
793 4613 882 4663 sed
914 4619 1130 4679 proptor
1159 4616 1299 4682 quod
1331 4618 1478 4681 petit.
1744 4615 1801 4681 (Ἴ
1833 4622 1942 4680 11⁷,
1976 4619 2104 4683 petit
2136 4618 2523 4670 certificandum
2554 4630 2625 4678 se,
2659 4617 2765 4668 sed.
