3704 5559
1163 486 1441 540 CANTUs
1491 486 1806 540 nsscmns
1857 486 2245 540 SECUNDUS.
2731 473 2871 540 345

528 656 675 728 suS,
735 637 798 705 si
863 653 1112 724 ruppe,
1180 630 1383 723 idest,
1453 631 1745 724 planata
1812 630 1969 723 fuit,
2033 652 2167 722 per
2228 633 2292 702 le
2355 634 2603 721 scalea,
2669 630 2874 723 idest,

528 754 803 851 gradus
864 752 1260 844 scalarum,
1313 752 1431 822 che
1480 753 1544 821 si
1595 754 1756 843 sero
1819 752 1919 822 ad
1984 750 2206 840 etade,
2258 749 2529 823 scilicet
2593 749 2876 823 meliori

530 895 754 970 quam
827 893 1024 946 nunc
1089 871 1201 964 sit,
1273 871 1446 964 quia
1513 869 1875 944 florentini
1928 876 2138 944 erant
2205 877 2383 944 tunc
2452 870 2876 965 legaliore83

529 996 728 1071 unde
776 994 983 1069 dicit:
1048 995 1151 1066 ch'
1178 1013 1306 1064 era
1372 996 1605 1065 sicuro
1655 995 1709 1064 il
1755 998 2097 1084 quaterno
2165 1012 2203 1062 e
2260 993 2334 1062 la
2400 994 2633 1082 doya5
2688 1010 2875 1082 qua-

536 1126 791 1192 ternus
843 1112 1137 1207 quidem
1193 1119 1355 1186 erat
1405 1132 1738 1204 securuS,
1791 1111 1965 1204 quia
2028 1109 2355 1183 nondum
2430 1115 2880 1182 mercatores

535 1239 911 1329 coeperant
945 1234 1276 1308 lacerare
1309 1239 1589 1306 cartam
1627 1232 1720 1304 de
1755 1235 2117 1324 quaterno
2156 1230 2547 1322 rationum,
2585 1234 2657 1302 et
2698 1249 2877 1302 can-

534 1355 802 1429 cellare
852 1360 1161 1447 postam,
1197 1353 1384 1426 sicut
1426 1371 1619 1445 saepe
1654 1351 1731 1423 fit
1766 1350 2002 1443 hodie,
2039 1351 2156 1424 vel
2194 1350 2286 1423 de
2326 1349 2635 1445 registro
2672 1368 2879 1421 com-

533 1474 778 1546 munis
828 1473 965 1546 fuit
1014 1474 1419 1549 laceratum
1477 1471 1728 1545 folium
1784 1477 2117 1565 tempore
2167 1469 2465 1543 autoris.
2531 1471 2617 1541 Et
2667 1468 2875 1541 dicit:

537 1597 608 1668 la
656 1598 876 1685 doqa,
916 1594 1089 1686 quia
1127 1594 1219 1666 de
1254 1592 1477 1665 stario
1525 1591 1911 1664 Florentiae
1945 1590 2081 1664 fuit
2114 1595 2441 1664 extracta
2486 1610 2630 1663 una
2664 1587 2878 1683 doga,

537 1722 619 1787 ut
667 1713 966 1788 habebis
1017 1712 1215 1786 clare
1267 1711 1586 1785 Paradisi
1638 1710 1955 1805 capitulo
2008 1710 2186 1783 XVI.
2249 1711 2334 1781 Et
2384 1711 2523 1783 hoc
2573 1708 2773 1782 dico:
2834 1727 2881 1777 a

538 1854 706 1907 man
754 1836 991 1906 destra
1035 1853 1166 1923 per
1214 1834 1392 1904 salir
1444 1834 1521 1903 al
1558 1837 1809 1919 monte,
1859 1835 2071 1904 extra
2115 1837 2414 1921 terram,
2459 1832 2635 1901 dove
2666 1829 2878 1914 siede,

537 1954 738 2046 idest,
792 1952 865 2026 in
919 1972 1068 2045 quo
1119 1959 1371 2025 monte
1422 1950 1687 2023 situata
1738 1956 1869 2043 est,
1906 1953 1979 2022 la
2011 1952 2264 2040 chiesa,
2300 1947 2593 2041 scilicet,
2636 1944 2880 2019 Sancti

538 2072 827 2165 Miniati,
897 2071 1450 2165 supereminens
1519 2069 1925 2143 Florentiae.
1991 2071 2077 2142 Et
2144 2069 2261 2142 hic
2328 2074 2436 2141 est
2503 2064 2882 2140 sciendum

544 2192 741 2287 quod
791 2191 1124 2265 Miniatus
1184 2191 1450 2265 dicitur
1519 2190 1739 2263 fuisse
1797 2190 1989 2263 filius
2060 2188 2249 2285 regis
2315 2186 2705 2279 Armeniae,
2757 2183 2883 2277 qui

544 2314 842 2389 veniens
892 2312 1202 2386 Romam
1253 2310 1491 2407 gratia
1551 2309 1957 2385 devotionis
2025 2309 2316 2383 reduxit
2367 2328 2448 2382 se
2514 2307 2606 2380 ad
2658 2307 2877 2380 istum

541 2435 810 2527 locum,
862 2433 990 2506 ubi
1043 2439 1217 2506 tunc
1268 2437 1427 2506 erat
1478 2432 1682 2526 sylva
1732 2430 2075 2523 solitaria,
2129 2450 2352 2523 quem
2418 2428 2680 2501 Decius
2741 2427 2881 2498 im-

540 2559 834 2648 perator
884 2551 1050 2627 fecit
1100 2551 1490 2644 decollari3
1541 2551 1801 2626 deinde
1851 2551 2039 2624 facta
2092 2557 2202 2624 est
2238 2549 2333 2621 ibi
2368 2547 2670 2622 ecclesia
2709 2566 2879 2639 par-

540 2675 711 2747 vula
765 2694 809 2745 a
860 2670 1290 2764 christianiS,
1344 2678 1417 2745 et
1485 2677 1645 2766 post
1701 2676 1992 2764 tempus
2060 2668 2194 2742 suit
2262 2668 2450 2741 facta
2512 2665 2747 2739 maior
2810 2668 2884 2737 et

542 2793 864 2887 pulcrior
922 2813 966 2865 a
995 2784 1067 2882 (¹)
1137 2791 1559 2884 florentinis,
1620 2792 1746 2884 qui
1809 2789 2195 2863 visitabant
2265 2788 2458 2860 illam
2514 2806 2607 2860 ex
2655 2785 2880 2858 devo-

545 2913 759 2986 tione.
812 2911 982 2985 ldeo
1032 2910 1248 2984 dicit:
1302 2913 1420 2983 che
1466 2913 1838 3001 soqqioya,
1903 2909 2108 3003 idest,
2163 2928 2330 3002 quae
2391 2905 2693 2981 ecclesia
2756 2905 2887 2976 ha-

544 3032 669 3107 bet
718 3031 858 3105 sub
908 3050 988 3104 se
1057 3030 1132 3103 in
1184 3031 1499 3124 planitie,
1566 3035 1639 3104 la
1700 3031 1829 3102 ben
1890 3032 2208 3121 quidam,
2261 3028 2531 3103 scilicet
2580 3027 2886 3101 Floren-

545 3152 776 3228 tiam:
831 3158 905 3225 et
980 3151 1307 3244 loquitur
1382 3150 1678 3244 ironice,
1751 3150 1964 3244 quasi
2042 3149 2269 3223 dicat:
2347 3148 2543 3221 male
2608 3153 2885 3222 rectam

544 3278 618 3345 et
667 3272 872 3366 peius
915 3272 1255 3363 ductam3
1291 3291 1513 3363 sopra
1548 3271 1988 3362 Bubaconte5
2023 3289 2204 3363 pons
2236 3259 2307 3360 (²)
2349 3274 2461 3341 est
2493 3288 2718 3361 supra
2752 3265 2891 3338 Ar-

543 3412 723 3465 num
774 3411 907 3486 per
959 3411 1181 3484 quem
1238 3391 1385 3462 itur
1436 3390 1528 3464 ad
1582 3390 1845 3464 dictam
1903 3389 2309 3480 ecclesiam,
2348 3387 2474 3481 qui
2521 3387 2625 3461 sic
2664 3387 2893 3460 deno-

544 3511 864 3583 minatus
913 3509 1050 3584 fuit
1098 3509 1191 3583 ab
1247 3530 1395 3583 uno
1439 3515 1797 3604 potestate
1830 3509 2239 3601 Florentiae,
2275 3509 2401 3602 qui
2439 3515 2744 3581 vocatus
2779 3511 2890 3579 est

545 3631 995 3722 Rubaconte,
1050 3635 1124 3701 et
1174 3628 1310 3701 fuit
1361 3628 1619 3702 nobilis
1668 3630 1877 3703 miles
1917 3629 2011 3703 de
2043 3628 2467 3719 Mediolano,
2502 3627 2594 3699 de
2630 3625 2763 3697 illis
2797 3625 2890 3697 de

547 3748 923 3842 Mandello,
976 3748 1189 3823 cuius
1252 3756 1587 3844 tempore
1653 3749 1887 3824 factus
1946 3749 2082 3821 fuit
2148 3749 2261 3822 hic
2321 3768 2501 3843 pons
2551 3747 2748 3820 MCC.
2806 3747 2889 3816 Et

550 3873 722 3942 nota
775 3874 1133 3960 quantum
1186 3868 1376 3942 dicta
1428 3867 1879 3963 comparatio
1932 3866 2225 3962 proprie
2277 3865 2489 3939 faciat
2548 3864 2641 3938 ad
2701 3884 2890 3959 prae-

550 4008 717 4063 sens
753 3989 1246 4082 propositum:
1290 3989 1478 4062 sicut
1513 3988 1708 4063 enim
1746 3994 2102 4062 exeuntes
2143 3987 2235 4061 de
2269 3985 2656 4078 Florentia,
2688 3992 2888 4057 terra

547 4107 1066 4202 superborum,
1102 4109 1480 4183 ascensuri
1517 4114 1844 4182 montem
1886 4128 2020 4201 pro
2063 4104 2509 4202 indulgentia
2552 4111 2892 4198 peccato-

551 4251 719 4303 rum
773 4229 1152 4304 inveniunt
1187 4251 1575 4306 ascensum
1614 4229 2029 4326 mitigatum
2065 4249 2196 4323 per
2229 4227 2505 4324 gradus
2539 4226 2892 4320 lapideos3

549 4351 649 4426 ita
701 4357 901 4426 recte
951 4372 1149 4426 nunc
1199 4351 1542 4448 Virgilius
1593 4357 1669 4426 et
1717 4351 1986 4425 Dantes
2032 4349 2481 4442 florentinuS,
2535 4353 2892 4422 exeuntes

675 4615 730 4678 (¹)
762 4615 826 4666 E.
858 4629 887 4666 ι
920 4616 1143 4667 dominis
1174 4616 1477 4667 florentinis.
1797 4614 1854 4678 (²)
1887 4616 1948 4666 E.
1980 4617 2070 4680 qui
2103 4622 2180 4667 est
2213 4629 2343 4679 pons
2372 4628 2543 4692 supra.
