3704 5559
864 485 955 550 76
1579 494 1986 548 coMEN'rUM
2035 495 2473 549 PURGAToml

859 663 1033 716 cum
1081 662 1374 716 summa
1437 641 1918 714 delectatione
1978 640 2199 734 ipsius
2248 640 2539 732 Dantis3
2610 639 2805 713 unde
2864 640 3074 713 dicit:
3135 634 3196 713 si

856 766 1291 852 dolcemente,
1320 764 1438 834 che
1471 765 1542 834 la
1577 764 1911 833 dolcezza
1945 762 2193 832 dentro
2226 781 2449 832 ancor
2484 763 2581 830 mi
2610 781 2818 850 sona,
2856 762 3028 854 quia
3065 760 3205 832 im-

855 882 1131 976 pressio
1174 881 1526 955 remansit
1578 881 1649 953 in
1700 881 1972 972 anima,
2024 900 2191 971 quae
2227 879 2657 952 mirabiliter
2691 879 3098 953 delectatur
3128 872 3202 970 (¹)

855 1001 1156 1075 musica.
1223 1001 1424 1075 Unde
1474 1007 1712 1095 poeta,
1767 1007 1850 1071 ut
1902 999 2233 1073 ostendat
2283 998 2839 1073 delectationem
2904 1000 3202 1073 musicae

854 1123 1298 1219 generaliter
1357 1141 1622 1215 capere
1690 1141 1972 1213 omneS‚
2026 1120 2267 1193 statim
2338 1120 2650 1193 ostendit
2715 1119 3060 1194 effectum
3121 1119 3204 1192 il·-

857 1244 996 1317 lius
1065 1251 1345 1335 cantus,
1415 1242 1704 1316 dicens:
1772 1246 1841 1315 lo
1904 1245 2043 1313 mio
2107 1248 2438 1331 maestrO,
2500 1241 2769 1314 scilicet
2837 1240 3201 1336 Virgiliu5‚

855 1387 892 1437 e
956 1367 1182 1454 quella
1242 1370 1439 1453 yeme
1499 1366 1600 1435 ch'
1628 1385 1805 1434 eran
1867 1384 1999 1435 con
2057 1365 2175 1452 lui,
2238 1361 2441 1455 idest,
2503 1367 2576 1434 et
2637 1362 2923 1454 reliqua
2983 1361 3250 1435 turba‘

856 1504 1024 1576 quae
1058 1474 1362 1575 erant(²)
1402 1503 1575 1556 cum
1612 1483 1731 1555 illo
1767 1481 2068 1575 Casella,
2100 1481 2569 1574 quasiwdicat:
2608 1500 2754 1553 non
2789 1480 3028 1553 solum
3064 1479 3201 1554 viri

853 1604 1151 1677 studiosi
1206 1603 1333 1677 sed
1385 1604 1751 1697 vulgareS‚
1782 1622 2108 1692 parevan
2156 1593 2216 1672 εὶ
2266 1603 2561 1673 contenti
2608 1621 2800 1672 come
2851 1620 2898 1670 a
2948 1619 3200 1672 nessun

856 1733 1157 1798 [occasse
1208 1728 1394 1798 altro
1461 1728 1532 1795 la
1591 1731 1835 1812 mente,
1903 1743 2128 1815 quam
2200 1721 2316 1794 ille
2378 1726 2660 1813 cantuS‚
2719 1720 2928 1812 quasi
2987 1719 3199 1811 dicat,

853 1845 1049 1938 quod
1100 1845 1345 1918 nullus
1380 1844 1763 1918 videbatur
1815 1862 2084 1915 curare
2135 1842 2227 1915 de
2277 1841 2418 1914 alia
2454 1862 2561 1934 re,
2605 1840 2702 1913 ita
2753 1846 2913 1914 erat
2962 1845 3201 1911 astra-

851 1971 1011 2037 ctus
1070 1972 1291 2038 cantu
1345 1964 1542 2056 quod
1593 1963 1977 2036 videbatur
2029 1962 2295 2035 oblitus
2351 1959 2651 2034 tendere
2699 1959 2794 2033 ad
2847 1966 3196 2051 montem,

853 2084 944 2156 de
981 2106 1128 2177 quo
1165 2084 1385 2178 paulo
1418 2090 1590 2157 ante
1631 2104 1801 2155 cum
1833 2088 2032 2155 tanta
2061 2096 2240 2155 cura
2270 2080 2669 2173 quaerebat.
2703 2079 2787 2150 Et
2813 2084 2896 2150 ut
2923 2098 3200 2173 cogno-

854 2223 1034 2294 scaS‚
1073 2204 1326 2295 lector,
1363 2210 1635 2296 quanta
1689 2209 1797 2275 est
1848 2202 2103 2294 virtuS‚
2157 2200 2477 2294 potentia
2529 2207 2603 2273 et
2652 2198 2977 2273 efficacia
3030 2220 3199 2272 mu-

853 2321 1045 2414 sica),
1075 2328 1244 2395 nota
1281 2322 1476 2414 quod
1514 2322 1791 2394 musica
1828 2343 1973 2394 non
2009 2322 2245 2394 solum
2286 2318 2783 2413 speculationi,
2812 2318 2938 2391 sed
2973 2318 3194 2391 etiam

855 2442 1244 2517 moralitati
1298 2443 1685 2516 coniuncta
1739 2449 1868 2515 est.
1923 2442 2107 2514 Nihil
2160 2447 2270 2514 est
2328 2440 2518 2512 enim
2594 2444 2743 2510 tam
2811 2439 3192 2532 proprium

849 2563 1284 2638 humanitati
1338 2584 1562 2657 quam
1620 2562 1890 2636 remitti
1950 2561 2282 2634 dulcibus
2341 2559 2693 2633 cantibus.
2756 2560 2880 2631 Est
2940 2566 3192 2633 autem

850 2683 1129 2757 musica
1169 2691 1315 2756 tam
1357 2682 1727 2776 naturaliS‚
1757 2682 1956 2774 quod
1991 2682 2176 2775 sicut
2208 2680 2454 2753 scribit
2490 2677 2783 2752 Boetius
2819 2678 2890 2750 in
2928 2680 3196 2773 probe-

848 2805 997 2877 mio
1049 2826 1203 2877 suae
1257 2805 1577 2896 musicae,
1624 2803 1954 2895 infantes,
1982 2804 2298 2897 juvenes
2349 2808 2424 2873 et
2475 2820 2686 2874 senes
2738 2799 2837 2873 ita
2891 2807 3195 2873 natura-

847 2924 1012 2997 liter
1063 2925 1397 2998 cantibus
1452 2923 1747 2997 musicis
1796 2922 2219 2995 afficiuntur
2271 2920 2590 3014 quadam
2644 2919 3028 2995 affectione
3063 2940 3196 2994 vo-

850 3045 1187 3137 luntaria,
1241 3053 1324 3118 ut
1388 3046 1585 3117 nulla
1637 3044 1727 3116 sit
1776 3043 2076 3117 omnino
2145 3049 2320 3114 aetas
2389 3062 2557 3133 quae
2617 3061 2661 3113 a
2714 3040 3194 3114 delectatione

845 3162 1074 3235 dulcis
1125 3163 1505 3237 cantilenae
1547 3171 1884 3257 separata
1928 3163 2037 3235 sit.
2081 3161 2354 3234 Musica
2408 3159 2843 3234 naturaliter
2877 3165 2985 3233 est
3036 3165 3186 3231 tam

846 3289 1101 3377 potens
1154 3284 1350 3376 quod
1403 3290 1638 3356 mutat
1672 3274 1744 3375 (³)
1799 3290 1873 3357 et
1923 3288 2273 3377 provocat
2320 3281 2655 3354 homines
2708 3278 2802 3353 ad
2859 3278 3190 3354 devotio-

849 3423 1044 3496 nem,
1085 3410 1163 3475 ut
1198 3410 1394 3496 patet
1430 3403 1502 3476 in
1537 3404 1777 3477 choris
1822 3403 2326 3494 ecclesiarum,
2364 3402 2599 3496 placat
2621 3389 2694 3492 (⁴)
2735 3400 2946 3473 iram.
2988 3399 3190 3474 Unde

846 3525 1297 3619 Pythagoras
1359 3524 1714 3618 mitigavit
1763 3525 2117 3619 juvenem
2186 3522 2475 3596 ebrium
2531 3520 3187 3613 tauromintanum,

848 3644 974 3736 qui
1003 3644 1277 3717 furiose
1303 3643 1591 3716 volebat
1628 3645 2072 3717 comburere
2105 3643 2436 3736 domum,
2467 3643 2539 3714 in
2566 3661 2720 3734 qua
2741 3647 2903 3715 erat
2936 3641 3186 3724 clausa

847 3766 1200 3839 meretrix
1262 3786 1396 3838 sua
1464 3786 1508 3838 a
1570 3765 1914 3858 quodam,
1968 3763 2093 3857 qui
2154 3764 2373 3838 etiam
2443 3761 2930 3857 cognoscebat
2994 3781 3186 3855 eam,

844 3886 1030 3960 sicut
1083 3885 1330 3959 scribit
1379 3885 1656 3957 Tullius
1706 3884 1778 3956 in
1843 3905 1981 3957 suo
2040 3885 2228 3958 libro
2294 3884 2386 3958 de
2445 3881 2777 3958 consiliis.
2843 3880 3189 3956 Similiter

839 4008 1034 4082 idem
1070 4008 1520 4102 Pythagoras
1565 4005 1871 4078 retraxit
1922 4026 1965 4077 a
2017 4004 2272 4079 furore
2306 4005 2483 4078 alios
2508 4001 2826 4098 juvenes
2861 4001 3189 4076 ebriosos

833 4129 959 4221 qui
1012 4126 1296 4200 accensi
1348 4125 1682 4199 cantibus
1725 4124 2071 4197 tibiarum
2123 4125 2498 4226 tentabant
2535 4142 2890 4217 rumpere
2940 4111 3190 4215 portas

831 4246 1159 4319 mulieris
1210 4246 1553 4318 bonestae.
1609 4243 1791 4317 Dicit
1842 4244 2063 4317 etiam
2117 4243 2416 4317 Boetius
2457 4244 2549 4318 de
2587 4241 3024 4340 Empedocle
3059 4239 3202 4333 qui*

833 4364 1279 4459 temperavit*
1319 4363 1773 4438 iracundiam
1828 4363 2330 4455 adolescentis,
2384 4363 2509 4455 qui
2576 4361 3012 4435 furibundus
3073 4360 3183 4432 in-

834 4505 1048 4513 ———-

963 4555 1016 4616 (¹)
1049 4555 1099 4603 S.
1133 4554 1502 4603 delectabatur.
2036 4550 2092 4614 (¹)
2125 4552 2176 4601 S.
2208 4565 2238 4601 e
2273 4552 2332 4600 Ε.
2366 4556 2496 4600 erat,

966 4630 1020 4693 (⁸)
1054 4630 1115 4678 E.
1148 4630 1330 4680 invitat
1360 4637 1413 4681 et
1446 4634 1710 4693 provocat.
2040 4627 2094 4690 (⁸)
2131 4629 2188 4678 Ε.
2221 4633 2275 4678 et
2307 4628 2493 4691 placat.
