3704 5559
2712 503 2849 571 193

505 893 838 963 CANTUS
899 892 1342 975 SEPTIMUS,
1390 896 1463 962 in
1521 915 1640 980 quo
1695 901 1930 964 braetot
1985 896 2096 962 ubi
2150 896 2460 981 Viryaius
2505 897 2671 963 dixit
2716 918 2855 964 cum

659 1005 941 1073 Sordello
971 1006 1050 1072 de
1082 1027 1195 1073 suo
1229 1012 1402 1073 statu
1430 1008 1631 1074 multa
1643 1033 1666 1091 ‚-
1712 1014 1772 1075 et
1814 1008 1929 1075 hoe
1973 1009 2137 1074 dieto
2181 1009 2365 1075 duxit
2393 1028 2497 1075 eos
2526 1008 2852 1076 Sordellus

660 1118 731 1183 in
773 1117 973 1182 looum
1014 1118 1089 1182 in
1130 1136 1250 1201 quo
1296 1123 1447 1183 sunt
1488 1139 1669 1203 reyes
1713 1125 1774 1186 et
1816 1120 2066 1186 comites
2110 1125 2171 1186 et
2212 1120 2487 1203 nobule&-
2535 1127 2596 1188 et
2639 1141 2853 1188 omnes

659 1229 961 1307 nominat,
994 1247 1069 1294 ao
1102 1229 1292 1294 etiam
1336 1229 1613 1311 defectus
1651 1251 1865 1297 eorum
1897 1252 2024 1314 per
2067 1232 2365 1314 ordinem,
2418 1253 2493 1300 ae
2537 1235 2726 1300 etiam
2768 1234 2850 1300 de

659 1341 942 1422 sequenti
985 1339 1466 1422 aliquomtulum.

653 1653 992 1822 Poscu
1050 1751 1170 1822 ohe
1217 1752 1709 1841 l’aecoylienze
1750 1757 1980 1822 oneste
2026 1772 2064 1822 e
2114 1753 2278 1822 liele.
2324 1750 2719 1844 Postquam
2772 1750 2848 1824 in

505 1871 859 1965 superiori
895 1870 1214 1966 capitulo
1247 1870 1584 1965 proxime
1609 1870 2047 1965 praecedenti
2084 1877 2298 1966 poeta
2338 1877 2584 1945 noster
2621 1892 2846 1967 expe-

504 1990 676 2066 divit
730 1998 1124 2067 tractatum
1180 1991 1707 2088 negligentium
1762 1996 2046 2085 quartae
2099 1991 2386 2087 speciei,
2436 1992 2561 2085 qui
2612 1992 2844 2067 distu-

502 2111 748 2186 lerunt
810 2117 1102 2207 tempus
1167 2111 1561 2207 poenitendi
1630 2112 1982 2206 praeventi
2050 2119 2291 2187 morte
2356 2113 2704 2208 violenta,
2773 2121 2847 2187 et

504 2232 698 2306 viam
742 2232 910 2306 fecit
944 2232 1038 2306 ad
1074 2237 1503 2325 sequentem
1541 2231 1955 2326 materiam,
1993 2253 2159 2326 quae
2196 2239 2305 2307 est
2339 2232 2431 2307 de
2467 2233 2846 2329 negligen—

506 2352 700 2425 tibus
726 2352 998 2446 quintae
1032 2352 1320 2448 speciei,
1350 2352 1475 2446 qui
1500 2352 1941 2427 distulerunt
1974 2353 2474 2448 poenitentiam
2507 2353 2843 2448 occupati

503 2472 959 2548 laudabiliter
1027 2473 1222 2548 circa
1293 2493 1520 2568 regna
1591 2473 2062 2568 temporalia3
2118 2495 2314 2548 nunc
2378 2495 2839 2567 consequen-

502 2598 614 2668 ter
667 2594 740 2666 in
793 2594 929 2667 isto
982 2595 1103 2667 VII
1161 2593 1477 2688 capitulo
1531 2594 1925 2687 exequitur
1985 2594 2197 2667 istam
2268 2595 2650 2669 materiam
2706 2614 2842 2666 no-

502 2713 721 2788 bilem
772 2713 1223 2809 principum3
1262 2719 1334 2789 et
1368 2733 1688 2810 praesens
1729 2714 2155 2809 capitulum,
2197 2720 2276 2789 ut
2317 2735 2448 2809 per
2499 2734 2578 2788 se
2618 2720 2840 2810 patet,

501 2839 611 2910 est
661 2833 972 2907 divisum
1027 2834 1097 2907 in
1149 2840 1300 2909 tres
1349 2840 1593 2929 partes
1643 2834 2046 2930 generales,
2098 2836 2177 2906 In
2228 2835 2464 2930 prima
2517 2856 2837 2929 quarum

500 2960 714 3049 poeta
764 2953 1105 3029 describit
1159 2976 1390 3029 unum
1442 2954 1817 3050 dialogum
1862 2955 2015 3030 sive
2060 2956 2517 3030 collationem
2572 2954 2836 3029 factam

503 3074 691 3149 inter
741 3074 926 3150 duos
986 3081 1448 3169 mantuanOS‚
1500 3074 1771 3149 scilicet
1823 3074 2203 3171 Virgilium
2270 3081 2343 3148 et
2403 3075 2838 3169 Sordellum,

498 3216 631 3291 per
683 3217 909 3289 quam
961 3195 1302 3291 Virgilius
1354 3195 1764 3269 manifestat
1816 3216 1895 3270 se
1946 3195 2297 3289 SordelIO,
2347 3202 2420 3271 et
2471 3195 2842 3270 Sordellus

498 3316 880 3414 Virgilium
936 3316 1273 3390 laudibus
1325 3316 1622 3390 extollit.
1668 3316 1746 3388 In
1795 3314 2114 3389 secunda
2166 3314 2506 3389 describit
2557 3315 2847 3410 magni-

501 3436 636 3511 fice
687 3438 930 3512 locum
984 3436 1569 3510 amoenissimum
1612 3432 2000 3508 illustrium
2048 3434 2406 3529 virorum,
2443 3435 2574 3508 ibi:
2613 3436 2737 3509 Ma
2770 3457 2846 3508 se

501 3565 569 3632 tu
613 3561 786 3651 puoi
834 3579 878 3630 o
926 3560 1054 3630 sai.
1109 3557 1188 3629 In
1242 3556 1455 3630 tertia
1507 3561 1582 3629 et
1617 3554 1872 3657 ultima
1918 3554 2255 3628 describit
2289 3554 2677 3629 artificiose
2711 3555 2844 3627 ali-

501 3700 686 3774 quos
714 3672 789 3771 (¹)
841 3677 1200 3774 principes
1252 3676 1644 3750 modernos
1707 3675 2044 3769 illustreS,
2098 3696 2417 3768 quorum
2474 3675 2669 3749 fama
2730 3674 2841 3748 di-

501 3800 716 3897 gnius
767 3798 1206 3891 celebratur,
1244 3796 1382 3869 ibi:
1423 3799 1671 3869 Prima
1708 3797 1827 3867 ohe
1851 3798 1905 3868 ’l
1921 3815 2107 3888 poco
2139 3798 2302 3867 sole.
2358 3794 2461 3867 Ad
2515 3794 2836 3888 primum

499 3920 799 3996 veniens
847 3919 1031 4014 dico,
1081 3918 1277 4013 quod
1329 3924 1540 4011 poeta
1590 3915 1930 3991 describit
1980 3921 2321 3988 mutuam
2374 3914 2832 3989 collationem

500 4040 772 4137 Virgilii
826 4047 900 4115 et
950 4039 1276 4134 Sordelli,
1306 4045 1379 4113 et
1412 4037 1649 4133 primo
1683 4036 2062 4110 continuat
2097 4033 2481 4107 materiam
2521 4055 2841 4128 sequen—

500 4169 650 4237 tem
703 4161 796 4235 ad
846 4160 1424 4256 praecedentem:
1467 4157 1637 4252 quia
1679 4156 1873 4231 enim
1913 4154 2224 4228 finxerat
2277 4153 2349 4226 in
2401 4153 2839 4248 praecedenti

499 4282 816 4378 capitulo
867 4281 1064 4376 quod
1116 4279 1486 4355 Sordellus
1521 4277 1771 4352 audito
1808 4278 1963 4350 solo
2006 4274 2302 4350 nomine
2336 4276 2651 4349 Mantuae
2688 4274 2844 4352 ive—

502 4409 615 4478 rat
642 4394 717 4496 (²)
772 4401 1255 4477 mirabundus
1306 4400 1374 4473 in
1430 4398 1814 4493 amplexus
1868 4395 2192 4493 Virgilii3
2243 4395 2407 4470 ideo
2459 4417 2656 4470 nunc
2708 4417 2845 4491 pro

624 4654 678 4716 (¹)
715 4658 821 4715 11⁷,
855 4654 1072 4719 aliquot.
1449 4650 1503 4713 (’)
1534 4649 1585 4700 S.
1617 4663 1647 4699 e
1680 4649 1740 4698 Ε.
1772 4653 1969 4699 ruerat.

762 4763 843 4806 111.
2528 4752 2577 4794 18
