<?xml version="1.0" encoding="UTF-8"?>
<!DOCTYPE html PUBLIC "-//W3C//DTD XHTML 1.0 Transitional//EN"
    "http://www.w3.org/TR/xhtml1/DTD/xhtml1-transitional.dtd">
<html xmlns="http://www.w3.org/1999/xhtml" xml:lang="en" lang="en">
 <head>
  <title>
</title>
<meta http-equiv="Content-Type" content="text/html;charset=utf-8" />
  <meta name='ocr-system' content='tesseract 3.04.00' />
  <meta name='ocr-capabilities' content='ocr_page ocr_carea ocr_par ocr_line ocrx_word'/>
</head>
<body>
  <div class='ocr_page' id='page_1' title='image "benvenutideramb00lacagoog_0349.png"; bbox 0 0 3704 5559; ppageno 0'>
   <div class='ocr_carea' id='block_1_1' title="bbox 1139 526 2842 593">
    <p class='ocr_par' dir='ltr' id='par_1_1' title="bbox 1139 526 2842 593">
     <span class='ocr_line' id='line_1_1' title="bbox 1139 526 2842 593; baseline 0.001 -3"><span class='ocrx_word' id='word_1_1' title='bbox 1139 536 1417 590; x_wconf 75' lang='lat' dir='ltr'>CAN&#39;rus</span> <span class='ocrx_word' id='word_1_2' title='bbox 1467 535 1780 591; x_wconf 81' lang='lat' dir='ltr'>nEcmth</span> <span class='ocrx_word' id='word_1_3' title='bbox 1828 536 2217 592; x_wconf 77' lang='lat' dir='ltr'><strong>SECUNDUS.</strong></span> <span class='ocrx_word' id='word_1_4' title='bbox 2701 526 2842 593; x_wconf 86' lang='lat'>337</span> 
     </span>
    </p>
   </div>
   <div class='ocr_carea' id='block_1_2' title="bbox 498 681 2873 4369">
    <p class='ocr_par' dir='ltr' id='par_1_2' title="bbox 498 681 2873 4369">
     <span class='ocr_line' id='line_1_2' title="bbox 498 681 2847 773; baseline -0 -17"><span class='ocrx_word' id='word_1_5' title='bbox 498 689 573 757; x_wconf 95' lang='lat' dir='ltr'>et</span> <span class='ocrx_word' id='word_1_6' title='bbox 623 681 827 755; x_wconf 88' lang='lat' dir='ltr'>ideo:</span> <span class='ocrx_word' id='word_1_7' title='bbox 882 688 949 753; x_wconf 84' lang='lat' dir='ltr'>et</span> <span class='ocrx_word' id='word_1_8' title='bbox 992 683 1063 752; x_wconf 80' lang='lat' dir='ltr'>io</span> <span class='ocrx_word' id='word_1_9' title='bbox 1113 683 1190 753; x_wconf 84' lang='lat' dir='ltr'>di</span> <span class='ocrx_word' id='word_1_10' title='bbox 1233 700 1500 770; x_wconf 73' lang='lat' dir='ltr'>sanque</span> <span class='ocrx_word' id='word_1_11' title='bbox 1551 683 1596 752; x_wconf 85' lang='lat' dir='ltr'>t’</span> <span class='ocrx_word' id='word_1_12' title='bbox 1622 684 1873 773; x_wconf 82' lang='lat' dir='ltr'>empio,</span> <span class='ocrx_word' id='word_1_13' title='bbox 1907 681 1999 755; x_wconf 93' lang='lat' dir='ltr'>ad</span> <span class='ocrx_word' id='word_1_14' title='bbox 2033 681 2426 756; x_wconf 89' lang='lat' dir='ltr'>sedandam</span> <span class='ocrx_word' id='word_1_15' title='bbox 2465 682 2678 756; x_wconf 88' lang='lat' dir='ltr'>sitim.</span> <span class='ocrx_word' id='word_1_16' title='bbox 2716 682 2847 756; x_wconf 89' lang='lat' dir='ltr'>Hic</span> 
     </span>
     <span class='ocr_line' id='line_1_3' title="bbox 500 801 2844 899; baseline 0 -24"><span class='ocrx_word' id='word_1_17' title='bbox 500 801 864 896; x_wconf 90' lang='lat' dir='ltr'>superbus</span> <span class='ocrx_word' id='word_1_18' title='bbox 916 802 1150 896; x_wconf 86' lang='lat' dir='ltr'>Cyrus</span> <span class='ocrx_word' id='word_1_19' title='bbox 1185 801 1579 894; x_wconf 81' lang='lat' dir='ltr'><strong>superbam</strong></span> <span class='ocrx_word' id='word_1_20' title='bbox 1618 801 2092 896; x_wconf 84' lang='lat' dir='ltr'>Babyloniam</span> <span class='ocrx_word' id='word_1_21' title='bbox 2134 803 2347 897; x_wconf 92' lang='lat' dir='ltr'>cepit,</span> <span class='ocrx_word' id='word_1_22' title='bbox 2383 810 2456 877; x_wconf 91' lang='lat' dir='ltr'>et</span> <span class='ocrx_word' id='word_1_23' title='bbox 2491 806 2844 899; x_wconf 91' lang='lat' dir='ltr'>populum</span> 
     </span>
     <span class='ocr_line' id='line_1_4' title="bbox 502 920 2847 1018; baseline 0 -22"><span class='ocrx_word' id='word_1_24' title='bbox 502 923 880 997; x_wconf 86' lang='lat' dir='ltr'>hebraeum</span> <span class='ocrx_word' id='word_1_25' title='bbox 938 921 1251 995; x_wconf 82' lang='lat' dir='ltr'>restituit</span> <span class='ocrx_word' id='word_1_26' title='bbox 1301 921 1393 994; x_wconf 93' lang='lat' dir='ltr'>de</span> <span class='ocrx_word' id='word_1_27' title='bbox 1443 920 1859 1015; x_wconf 80' lang='lat' dir='ltr'>captivitate</span> <span class='ocrx_word' id='word_1_28' title='bbox 1909 922 2318 1017; x_wconf 83' lang='lat' dir='ltr'>BabyloniS,</span> <span class='ocrx_word' id='word_1_29' title='bbox 2355 924 2448 998; x_wconf 91' lang='lat' dir='ltr'>de</span> <span class='ocrx_word' id='word_1_30' title='bbox 2491 945 2639 1018; x_wconf 90' lang='lat' dir='ltr'>quo</span> <span class='ocrx_word' id='word_1_31' title='bbox 2676 924 2847 998; x_wconf 93' lang='lat' dir='ltr'>dicit</span> 
     </span>
     <span class='ocr_line' id='line_1_5' title="bbox 500 1041 2852 1140; baseline 0.001 -26"><span class='ocrx_word' id='word_1_32' title='bbox 500 1041 758 1116; x_wconf 88' lang='lat' dir='ltr'>Isaias:</span> <span class='ocrx_word' id='word_1_33' title='bbox 820 1043 1087 1114; x_wconf 72' lang='lat' dir='ltr'>Christo</span> <span class='ocrx_word' id='word_1_34' title='bbox 1137 1062 1290 1113; x_wconf 84' lang='lat' dir='ltr'>meo</span> <span class='ocrx_word' id='word_1_35' title='bbox 1347 1044 1552 1129; x_wconf 74' lang='lat' dir='ltr'>Cyro.</span> <span class='ocrx_word' id='word_1_36' title='bbox 1581 1080 1681 1093; x_wconf 89' lang='lat'>—</span> <span class='ocrx_word' id='word_1_37' title='bbox 1705 1045 2094 1112; x_wconf 80' lang='lat' dir='ltr'>Moslrava.</span> <span class='ocrx_word' id='word_1_38' title='bbox 2139 1042 2269 1116; x_wconf 89' lang='lat' dir='ltr'>Hic</span> <span class='ocrx_word' id='word_1_39' title='bbox 2335 1050 2550 1137; x_wconf 86' lang='lat' dir='ltr'>poeta</span> <span class='ocrx_word' id='word_1_40' title='bbox 2614 1044 2852 1140; x_wconf 83' lang='lat' dir='ltr'>tangit</span> 
     </span>
     <span class='ocr_line' id='line_1_6' title="bbox 504 1154 2849 1255; baseline 0 -19"><span class='ocrx_word' id='word_1_41' title='bbox 504 1163 732 1237; x_wconf 92' lang='lat' dir='ltr'>alium</span> <span class='ocrx_word' id='word_1_42' title='bbox 761 1154 834 1253; x_wconf 81' lang='grc'>(’)</span> <span class='ocrx_word' id='word_1_43' title='bbox 891 1168 965 1235; x_wconf 94' lang='lat' dir='ltr'>et</span> <span class='ocrx_word' id='word_1_44' title='bbox 1014 1181 1358 1235; x_wconf 92' lang='lat' dir='ltr'>amarum</span> <span class='ocrx_word' id='word_1_45' title='bbox 1412 1160 1692 1233; x_wconf 85' lang='lat' dir='ltr'>exitum</span> <span class='ocrx_word' id='word_1_46' title='bbox 1727 1160 2091 1255; x_wconf 83' lang='lat' dir='ltr'>superbiae</span> <span class='ocrx_word' id='word_1_47' title='bbox 2130 1161 2379 1236; x_wconf 73' lang='lat' dir='ltr'>fractae</span> <span class='ocrx_word' id='word_1_48' title='bbox 2417 1163 2674 1238; x_wconf 83' lang='lat' dir='ltr'>fraude</span> <span class='ocrx_word' id='word_1_49' title='bbox 2707 1164 2849 1237; x_wconf 73' lang='lat' dir='ltr'>1⁸oe-</span> 
     </span>
     <span class='ocr_line' id='line_1_7' title="bbox 507 1270 2848 1378; baseline 0 -25"><span class='ocrx_word' id='word_1_50' title='bbox 507 1283 770 1355; x_wconf 91' lang='lat' dir='ltr'>minea.</span> <span class='ocrx_word' id='word_1_51' title='bbox 826 1280 1134 1355; x_wconf 85' lang='lat' dir='ltr'>Historia</span> <span class='ocrx_word' id='word_1_52' title='bbox 1183 1280 1318 1354; x_wconf 89' lang='lat' dir='ltr'>ista</span> <span class='ocrx_word' id='word_1_53' title='bbox 1369 1279 1711 1353; x_wconf 87' lang='lat' dir='ltr'>scribitur</span> <span class='ocrx_word' id='word_1_54' title='bbox 1739 1270 1814 1371; x_wconf 78' lang='lat'>(²)</span> <span class='ocrx_word' id='word_1_55' title='bbox 1868 1279 2127 1353; x_wconf 85' lang='lat' dir='ltr'>diffuse</span> <span class='ocrx_word' id='word_1_56' title='bbox 2169 1279 2242 1353; x_wconf 93' lang='lat' dir='ltr'>in</span> <span class='ocrx_word' id='word_1_57' title='bbox 2296 1281 2483 1355; x_wconf 91' lang='lat' dir='ltr'>libro</span> <span class='ocrx_word' id='word_1_58' title='bbox 2534 1282 2848 1378; x_wconf 92' lang='lat' dir='ltr'>speciali,</span> 
     </span>
     <span class='ocr_line' id='line_1_8' title="bbox 508 1400 2846 1497; baseline 0 -22"><span class='ocrx_word' id='word_1_59' title='bbox 508 1401 633 1496; x_wconf 92' lang='lat' dir='ltr'>qui</span> <span class='ocrx_word' id='word_1_60' title='bbox 685 1401 1096 1476; x_wconf 86' lang='lat' dir='ltr'>intitulatur</span> <span class='ocrx_word' id='word_1_61' title='bbox 1146 1400 1414 1494; x_wconf 83' lang='lat' dir='ltr'>Iudith,</span> <span class='ocrx_word' id='word_1_62' title='bbox 1468 1401 1679 1475; x_wconf 91' lang='lat' dir='ltr'>cuius</span> <span class='ocrx_word' id='word_1_63' title='bbox 1729 1420 2104 1474; x_wconf 90' lang='lat' dir='ltr'>summam</span> <span class='ocrx_word' id='word_1_64' title='bbox 2154 1400 2509 1497; x_wconf 82' lang='lat' dir='ltr'>attingam</span> <span class='ocrx_word' id='word_1_65' title='bbox 2561 1402 2846 1477; x_wconf 83' lang='lat' dir='ltr'>brevis-</span> 
     </span>
     <span class='ocr_line' id='line_1_9' title="bbox 507 1520 2847 1617; baseline 0 -20"><span class='ocrx_word' id='word_1_66' title='bbox 507 1523 712 1615; x_wconf 85' lang='lat' dir='ltr'>sime,</span> <span class='ocrx_word' id='word_1_67' title='bbox 765 1522 939 1615; x_wconf 87' lang='lat' dir='ltr'>quia</span> <span class='ocrx_word' id='word_1_68' title='bbox 989 1528 1098 1595; x_wconf 92' lang='lat' dir='ltr'>est</span> <span class='ocrx_word' id='word_1_69' title='bbox 1149 1520 1522 1594; x_wconf 91' lang='lat' dir='ltr'>notissima</span> <span class='ocrx_word' id='word_1_70' title='bbox 1558 1521 1803 1616; x_wconf 84' lang='lat' dir='ltr'>vulgo.</span> <span class='ocrx_word' id='word_1_71' title='bbox 1843 1521 1969 1593; x_wconf 88' lang='lat' dir='ltr'>Est</span> <span class='ocrx_word' id='word_1_72' title='bbox 2003 1541 2183 1616; x_wconf 82' lang='lat' dir='ltr'>ergo</span> <span class='ocrx_word' id='word_1_73' title='bbox 2235 1521 2612 1596; x_wconf 91' lang='lat' dir='ltr'>sciendum</span> <span class='ocrx_word' id='word_1_74' title='bbox 2651 1523 2847 1617; x_wconf 88' lang='lat' dir='ltr'>quod</span> 
     </span>
     <span class='ocr_line' id='line_1_10' title="bbox 507 1640 2854 1737; baseline -0.001 -19"><span class='ocrx_word' id='word_1_75' title='bbox 507 1642 1178 1718; x_wconf 88' lang='lat' dir='ltr'>Nabuchodonosor</span> <span class='ocrx_word' id='word_1_76' title='bbox 1220 1640 1762 1735; x_wconf 90' lang='lat' dir='ltr'>potentissimus</span> <span class='ocrx_word' id='word_1_77' title='bbox 1799 1661 1931 1715; x_wconf 84' lang='lat' dir='ltr'>rex</span> <span class='ocrx_word' id='word_1_78' title='bbox 1966 1641 2447 1737; x_wconf 86' lang='lat' dir='ltr'>assyriorum,</span> <span class='ocrx_word' id='word_1_79' title='bbox 2484 1643 2696 1716; x_wconf 90' lang='lat' dir='ltr'>cuius</span> <span class='ocrx_word' id='word_1_80' title='bbox 2733 1662 2854 1716; x_wconf 90' lang='lat' dir='ltr'>re-</span> 
     </span>
     <span class='ocr_line' id='line_1_11' title="bbox 508 1760 2854 1874; baseline 0 -39"><span class='ocrx_word' id='word_1_81' title='bbox 508 1763 632 1859; x_wconf 83' lang='lat' dir='ltr'>gni</span> <span class='ocrx_word' id='word_1_82' title='bbox 683 1762 891 1837; x_wconf 90' lang='lat' dir='ltr'>sedes</span> <span class='ocrx_word' id='word_1_83' title='bbox 941 1761 1077 1837; x_wconf 79' lang='lat' dir='ltr'>fuit</span> <span class='ocrx_word' id='word_1_84' title='bbox 1128 1782 1399 1856; x_wconf 86' lang='lat' dir='ltr'>magna</span> <span class='ocrx_word' id='word_1_85' title='bbox 1440 1760 1716 1874; x_wconf 77' lang='lat' dir='ltr'>Ninive,</span> <span class='ocrx_word' id='word_1_86' title='bbox 1755 1760 1826 1833; x_wconf 94' lang='lat' dir='ltr'>in</span> <span class='ocrx_word' id='word_1_87' title='bbox 1867 1768 2142 1835; x_wconf 90' lang='lat' dir='ltr'>tantam</span> <span class='ocrx_word' id='word_1_88' title='bbox 2180 1762 2598 1857; x_wconf 91' lang='lat' dir='ltr'>superbiam</span> <span class='ocrx_word' id='word_1_89' title='bbox 2640 1762 2854 1835; x_wconf 92' lang='lat' dir='ltr'>inau-</span> 
     </span>
     <span class='ocr_line' id='line_1_12' title="bbox 509 1881 2854 1974; baseline -0 -17"><span class='ocrx_word' id='word_1_90' title='bbox 509 1883 732 1958; x_wconf 91' lang='lat' dir='ltr'>ditam</span> <span class='ocrx_word' id='word_1_91' title='bbox 784 1882 1019 1956; x_wconf 91' lang='lat' dir='ltr'>elatus</span> <span class='ocrx_word' id='word_1_92' title='bbox 1070 1886 1202 1974; x_wconf 92' lang='lat' dir='ltr'>est,</span> <span class='ocrx_word' id='word_1_93' title='bbox 1255 1881 1452 1974; x_wconf 88' lang='lat' dir='ltr'>quod</span> <span class='ocrx_word' id='word_1_94' title='bbox 1505 1882 1756 1954; x_wconf 91' lang='lat' dir='ltr'>volens</span> <span class='ocrx_word' id='word_1_95' title='bbox 1805 1881 2004 1954; x_wconf 91' lang='lat' dir='ltr'>solus</span> <span class='ocrx_word' id='word_1_96' title='bbox 2063 1881 2201 1955; x_wconf 92' lang='lat' dir='ltr'>dici</span> <span class='ocrx_word' id='word_1_97' title='bbox 2264 1883 2460 1956; x_wconf 91' lang='lat' dir='ltr'>Deus</span> <span class='ocrx_word' id='word_1_98' title='bbox 2512 1882 2585 1956; x_wconf 92' lang='lat' dir='ltr'>in</span> <span class='ocrx_word' id='word_1_99' title='bbox 2638 1882 2854 1957; x_wconf 90' lang='lat' dir='ltr'>terris</span> 
     </span>
     <span class='ocr_line' id='line_1_13' title="bbox 509 2000 2849 2095; baseline -0.002 -16"><span class='ocrx_word' id='word_1_100' title='bbox 509 2003 879 2079; x_wconf 91' lang='lat' dir='ltr'>constituit</span> <span class='ocrx_word' id='word_1_101' title='bbox 928 2002 1342 2076; x_wconf 79' lang='lat' dir='ltr'>Olofernem</span> <span class='ocrx_word' id='word_1_102' title='bbox 1398 2000 1799 2095; x_wconf 89' lang='lat' dir='ltr'>principem</span> <span class='ocrx_word' id='word_1_103' title='bbox 1854 2000 2124 2074; x_wconf 86' lang='lat' dir='ltr'>militiae</span> <span class='ocrx_word' id='word_1_104' title='bbox 2177 2023 2353 2095; x_wconf 86' lang='lat' dir='ltr'>suae,</span> <span class='ocrx_word' id='word_1_105' title='bbox 2408 2008 2490 2075; x_wconf 92' lang='lat' dir='ltr'>ut</span> <span class='ocrx_word' id='word_1_106' title='bbox 2549 2022 2849 2076; x_wconf 91' lang='lat' dir='ltr'>omnem</span> 
     </span>
     <span class='ocr_line' id='line_1_14' title="bbox 514 2120 2856 2218; baseline 0 -20"><span class='ocrx_word' id='word_1_107' title='bbox 514 2132 791 2199; x_wconf 89' lang='lat' dir='ltr'>terram</span> <span class='ocrx_word' id='word_1_108' title='bbox 844 2144 980 2196; x_wconf 90' lang='lat' dir='ltr'>suo</span> <span class='ocrx_word' id='word_1_109' title='bbox 1036 2122 1469 2217; x_wconf 86' lang='lat' dir='ltr'>subiugaret</span> <span class='ocrx_word' id='word_1_110' title='bbox 1528 2120 1860 2215; x_wconf 90' lang='lat' dir='ltr'>imperio,</span> <span class='ocrx_word' id='word_1_111' title='bbox 1930 2121 2056 2215; x_wconf 88' lang='lat' dir='ltr'>qui</span> <span class='ocrx_word' id='word_1_112' title='bbox 2122 2123 2393 2196; x_wconf 90' lang='lat' dir='ltr'>multas</span> <span class='ocrx_word' id='word_1_113' title='bbox 2456 2128 2712 2218; x_wconf 84' lang='lat' dir='ltr'>gentes</span> <span class='ocrx_word' id='word_1_114' title='bbox 2782 2132 2856 2199; x_wconf 92' lang='lat' dir='ltr'>et</span> 
     </span>
     <span class='ocr_line' id='line_1_15' title="bbox 517 2240 2857 2336; baseline -0 -20"><span class='ocrx_word' id='word_1_115' title='bbox 517 2242 847 2318; x_wconf 91' lang='lat' dir='ltr'>nationes</span> <span class='ocrx_word' id='word_1_116' title='bbox 898 2241 967 2315; x_wconf 90' lang='lat' dir='ltr'>vi</span> <span class='ocrx_word' id='word_1_117' title='bbox 1018 2247 1092 2315; x_wconf 94' lang='lat' dir='ltr'>et</span> <span class='ocrx_word' id='word_1_118' title='bbox 1145 2247 1431 2315; x_wconf 91' lang='lat' dir='ltr'>terrore</span> <span class='ocrx_word' id='word_1_119' title='bbox 1480 2240 1786 2314; x_wconf 89' lang='lat' dir='ltr'>subiecit</span> <span class='ocrx_word' id='word_1_120' title='bbox 1848 2240 2004 2332; x_wconf 91' lang='lat' dir='ltr'>sibi,</span> <span class='ocrx_word' id='word_1_121' title='bbox 2057 2247 2351 2315; x_wconf 88' lang='lat' dir='ltr'>vastans</span> <span class='ocrx_word' id='word_1_122' title='bbox 2416 2248 2490 2316; x_wconf 92' lang='lat' dir='ltr'>et</span> <span class='ocrx_word' id='word_1_123' title='bbox 2540 2242 2857 2336; x_wconf 93' lang='lat' dir='ltr'>spolians</span> 
     </span>
     <span class='ocr_line' id='line_1_16' title="bbox 519 2359 2858 2458; baseline -0.001 -20"><span class='ocrx_word' id='word_1_124' title='bbox 519 2372 753 2439; x_wconf 90' lang='lat' dir='ltr'>terras</span> <span class='ocrx_word' id='word_1_125' title='bbox 804 2368 878 2436; x_wconf 92' lang='lat' dir='ltr'>et</span> <span class='ocrx_word' id='word_1_126' title='bbox 927 2360 1354 2457; x_wconf 74' lang='lat' dir='ltr'>provincias</span> <span class='ocrx_word' id='word_1_127' title='bbox 1409 2359 1548 2433; x_wconf 91' lang='lat' dir='ltr'>Sed</span> <span class='ocrx_word' id='word_1_128' title='bbox 1602 2360 1723 2433; x_wconf 87' lang='lat' dir='ltr'>filii</span> <span class='ocrx_word' id='word_1_129' title='bbox 1760 2361 1982 2435; x_wconf 88' lang='lat' dir='ltr'>Israel</span> <span class='ocrx_word' id='word_1_130' title='bbox 2020 2362 2254 2435; x_wconf 90' lang='lat' dir='ltr'>territi</span> <span class='ocrx_word' id='word_1_131' title='bbox 2294 2363 2633 2458; x_wconf 86' lang='lat' dir='ltr'>exemplo</span> <span class='ocrx_word' id='word_1_132' title='bbox 2671 2363 2858 2436; x_wconf 90' lang='lat' dir='ltr'>alio-</span> 
     </span>
     <span class='ocr_line' id='line_1_17' title="bbox 518 2472 2857 2575; baseline -0 -18"><span class='ocrx_word' id='word_1_133' title='bbox 518 2505 684 2557; x_wconf 91' lang='lat' dir='ltr'>rum</span> <span class='ocrx_word' id='word_1_134' title='bbox 739 2481 1217 2555; x_wconf 86' lang='lat' dir='ltr'>muniverunt</span> <span class='ocrx_word' id='word_1_135' title='bbox 1267 2479 1597 2553; x_wconf 83' lang='lat' dir='ltr'>fortilicia</span> <span class='ocrx_word' id='word_1_136' title='bbox 1631 2500 1766 2553; x_wconf 91' lang='lat' dir='ltr'>sua</span> <span class='ocrx_word' id='word_1_137' title='bbox 1800 2486 1874 2553; x_wconf 93' lang='lat' dir='ltr'>et</span> <span class='ocrx_word' id='word_1_138' title='bbox 1907 2487 2457 2575; x_wconf 85' lang='lat' dir='ltr'>occupaverunt</span> <span class='ocrx_word' id='word_1_139' title='bbox 2504 2481 2753 2556; x_wconf 83' lang='lat' dir='ltr'>fauces</span> <span class='ocrx_word' id='word_1_140' title='bbox 2778 2472 2857 2573; x_wconf 81' lang='lat'>(³)</span> 
     </span>
     <span class='ocr_line' id='line_1_18' title="bbox 517 2599 2857 2696; baseline -0.001 -21"><span class='ocrx_word' id='word_1_141' title='bbox 517 2602 877 2677; x_wconf 91' lang='lat' dir='ltr'>montium</span> <span class='ocrx_word' id='word_1_142' title='bbox 931 2600 1403 2694; x_wconf 92' lang='lat' dir='ltr'>implorantes</span> <span class='ocrx_word' id='word_1_143' title='bbox 1452 2599 1808 2672; x_wconf 82' lang='lat' dir='ltr'>auxilium</span> <span class='ocrx_word' id='word_1_144' title='bbox 1849 2599 2138 2673; x_wconf 91' lang='lat' dir='ltr'>Domini</span> <span class='ocrx_word' id='word_1_145' title='bbox 2183 2621 2354 2674; x_wconf 91' lang='lat' dir='ltr'>cum</span> <span class='ocrx_word' id='word_1_146' title='bbox 2412 2620 2678 2696; x_wconf 83' lang='lat' dir='ltr'>magna</span> <span class='ocrx_word' id='word_1_147' title='bbox 2716 2602 2857 2672; x_wconf 91' lang='lat' dir='ltr'>hu-</span> 
     </span>
     <span class='ocr_line' id='line_1_19' title="bbox 517 2718 2859 2798; baseline -0.002 -1"><span class='ocrx_word' id='word_1_148' title='bbox 517 2722 840 2798; x_wconf 90' lang='lat' dir='ltr'>militate.</span> <span class='ocrx_word' id='word_1_149' title='bbox 893 2720 1268 2795; x_wconf 79' lang='lat' dir='ltr'>Olofernes</span> <span class='ocrx_word' id='word_1_150' title='bbox 1319 2720 1457 2794; x_wconf 90' lang='lat' dir='ltr'>hoc</span> <span class='ocrx_word' id='word_1_151' title='bbox 1517 2718 1767 2794; x_wconf 89' lang='lat' dir='ltr'>audito</span> <span class='ocrx_word' id='word_1_152' title='bbox 1818 2718 2089 2794; x_wconf 85' lang='lat' dir='ltr'>exarsit</span> <span class='ocrx_word' id='word_1_153' title='bbox 2152 2720 2225 2793; x_wconf 95' lang='lat' dir='ltr'>in</span> <span class='ocrx_word' id='word_1_154' title='bbox 2295 2720 2478 2795; x_wconf 91' lang='lat' dir='ltr'>iram</span> <span class='ocrx_word' id='word_1_155' title='bbox 2548 2726 2623 2794; x_wconf 93' lang='lat' dir='ltr'>et</span> <span class='ocrx_word' id='word_1_156' title='bbox 2686 2739 2859 2794; x_wconf 92' lang='lat' dir='ltr'>cum</span> 
     </span>
     <span class='ocr_line' id='line_1_20' title="bbox 516 2838 2860 2916; baseline -0.002 0"><span class='ocrx_word' id='word_1_157' title='bbox 516 2843 769 2916; x_wconf 79' lang='lat' dir='ltr'>furore</span> <span class='ocrx_word' id='word_1_158' title='bbox 817 2840 1026 2913; x_wconf 86' lang='lat' dir='ltr'>duxit</span> <span class='ocrx_word' id='word_1_159' title='bbox 1089 2838 1499 2913; x_wconf 86' lang='lat' dir='ltr'>exercitum</span> <span class='ocrx_word' id='word_1_160' title='bbox 1561 2845 1816 2914; x_wconf 90' lang='lat' dir='ltr'>contra</span> <span class='ocrx_word' id='word_1_161' title='bbox 1880 2840 2289 2914; x_wconf 91' lang='lat' dir='ltr'>Bethuliam</span> <span class='ocrx_word' id='word_1_162' title='bbox 2355 2839 2719 2915; x_wconf 90' lang='lat' dir='ltr'>civitatem</span> <span class='ocrx_word' id='word_1_163' title='bbox 2785 2839 2860 2913; x_wconf 94' lang='lat' dir='ltr'>in</span> 
     </span>
     <span class='ocr_line' id='line_1_21' title="bbox 518 2957 2855 3053; baseline -0 -20"><span class='ocrx_word' id='word_1_164' title='bbox 518 2959 890 3035; x_wconf 90' lang='lat' dir='ltr'>montibus</span> <span class='ocrx_word' id='word_1_165' title='bbox 938 2958 1174 3053; x_wconf 90' lang='lat' dir='ltr'>sitam,</span> <span class='ocrx_word' id='word_1_166' title='bbox 1211 2964 1284 3032; x_wconf 96' lang='lat' dir='ltr'>et</span> <span class='ocrx_word' id='word_1_167' title='bbox 1318 2959 1630 3053; x_wconf 90' lang='lat' dir='ltr'>privavit</span> <span class='ocrx_word' id='word_1_168' title='bbox 1663 2978 1828 3033; x_wconf 91' lang='lat' dir='ltr'>eam</span> <span class='ocrx_word' id='word_1_169' title='bbox 1867 2957 2068 3033; x_wconf 93' lang='lat' dir='ltr'>omni</span> <span class='ocrx_word' id='word_1_170' title='bbox 2101 2980 2316 3053; x_wconf 92' lang='lat' dir='ltr'>aqua.</span> <span class='ocrx_word' id='word_1_171' title='bbox 2368 2959 2553 3033; x_wconf 91' lang='lat' dir='ltr'>Cum</span> <span class='ocrx_word' id='word_1_172' title='bbox 2606 2965 2855 3034; x_wconf 91' lang='lat' dir='ltr'>autem</span> 
     </span>
     <span class='ocr_line' id='line_1_22' title="bbox 519 3067 2855 3173; baseline -0 -20"><span class='ocrx_word' id='word_1_173' title='bbox 519 3079 670 3153; x_wconf 93' lang='lat' dir='ltr'>sitis</span> <span class='ocrx_word' id='word_1_174' title='bbox 721 3085 1055 3153; x_wconf 84' lang='lat' dir='ltr'>extrema</span> <span class='ocrx_word' id='word_1_175' title='bbox 1117 3084 1417 3173; x_wconf 84' lang='lat' dir='ltr'>cogeret</span> <span class='ocrx_word' id='word_1_176' title='bbox 1466 3077 1928 3152; x_wconf 86' lang='lat' dir='ltr'>bethulianos</span> <span class='ocrx_word' id='word_1_177' title='bbox 1985 3077 2078 3153; x_wconf 91' lang='lat' dir='ltr'>ad</span> <span class='ocrx_word' id='word_1_178' title='bbox 2139 3078 2605 3173; x_wconf 90' lang='lat' dir='ltr'>deditionem,</span> <span class='ocrx_word' id='word_1_179' title='bbox 2660 3079 2753 3153; x_wconf 93' lang='lat' dir='ltr'>de</span> <span class='ocrx_word' id='word_1_180' title='bbox 2783 3067 2855 3170; x_wconf 73' lang='lat'>(¹⁴)</span> 
     </span>
     <span class='ocr_line' id='line_1_23' title="bbox 518 3197 2865 3293; baseline -0.001 -19"><span class='ocrx_word' id='word_1_181' title='bbox 518 3199 817 3274; x_wconf 93' lang='lat' dir='ltr'>consilio</span> <span class='ocrx_word' id='word_1_182' title='bbox 886 3198 1079 3272; x_wconf 81' lang='lat' dir='ltr'>Oziae</span> <span class='ocrx_word' id='word_1_183' title='bbox 1143 3197 1536 3272; x_wconf 90' lang='lat' dir='ltr'>sacerdotis</span> <span class='ocrx_word' id='word_1_184' title='bbox 1603 3198 2199 3272; x_wconf 83' lang='lat' dir='ltr'>deliberaverunt</span> <span class='ocrx_word' id='word_1_185' title='bbox 2271 3205 2664 3293; x_wconf 85' lang='lat' dir='ltr'>expectare</span> <span class='ocrx_word' id='word_1_186' title='bbox 2733 3219 2865 3293; x_wconf 91' lang='lat' dir='ltr'>per</span> 
     </span>
     <span class='ocr_line' id='line_1_24' title="bbox 520 3316 2866 3412; baseline 0 -20"><span class='ocrx_word' id='word_1_187' title='bbox 520 3318 848 3412; x_wconf 88' lang='lat' dir='ltr'>quinque</span> <span class='ocrx_word' id='word_1_188' title='bbox 898 3318 1073 3392; x_wconf 76' lang='lat' dir='ltr'>dies,</span> <span class='ocrx_word' id='word_1_189' title='bbox 1126 3318 1330 3392; x_wconf 92' lang='lat' dir='ltr'>Tunc</span> <span class='ocrx_word' id='word_1_190' title='bbox 1364 3317 1401 3389; x_wconf 86' lang='lat' dir='ltr'>J</span> <span class='ocrx_word' id='word_1_191' title='bbox 1409 3316 1613 3391; x_wconf 90' lang='lat' dir='ltr'>udith</span> <span class='ocrx_word' id='word_1_192' title='bbox 1664 3317 1883 3391; x_wconf 85' lang='lat' dir='ltr'>vidua</span> <span class='ocrx_word' id='word_1_193' title='bbox 1925 3317 2192 3391; x_wconf 92' lang='lat' dir='ltr'>mulier</span> <span class='ocrx_word' id='word_1_194' title='bbox 2232 3317 2758 3392; x_wconf 85' lang='lat' dir='ltr'>formosissima</span> <span class='ocrx_word' id='word_1_195' title='bbox 2793 3324 2866 3392; x_wconf 85' lang='lat' dir='ltr'>et</span> 
     </span>
     <span class='ocr_line' id='line_1_25' title="bbox 521 3436 2866 3531; baseline 0 -20"><span class='ocrx_word' id='word_1_196' title='bbox 521 3437 891 3531; x_wconf 88' lang='lat' dir='ltr'>ditissima,</span> <span class='ocrx_word' id='word_1_197' title='bbox 943 3457 1112 3531; x_wconf 81' lang='lat' dir='ltr'>quae</span> <span class='ocrx_word' id='word_1_198' title='bbox 1162 3443 1322 3511; x_wconf 91' lang='lat' dir='ltr'>erat</span> <span class='ocrx_word' id='word_1_199' title='bbox 1372 3437 1695 3510; x_wconf 83' lang='lat' dir='ltr'>honestae</span> <span class='ocrx_word' id='word_1_200' title='bbox 1748 3436 1917 3510; x_wconf 82' lang='lat' dir='ltr'>vitae</span> <span class='ocrx_word' id='word_1_201' title='bbox 1967 3442 2041 3511; x_wconf 92' lang='lat' dir='ltr'>et</span> <span class='ocrx_word' id='word_1_202' title='bbox 2089 3437 2301 3510; x_wconf 84' lang='lat' dir='ltr'>bonae</span> <span class='ocrx_word' id='word_1_203' title='bbox 2354 3437 2595 3531; x_wconf 80' lang='lat' dir='ltr'>famae,</span> <span class='ocrx_word' id='word_1_204' title='bbox 2641 3458 2866 3512; x_wconf 82' lang='lat' dir='ltr'>exor-</span> 
     </span>
     <span class='ocr_line' id='line_1_26' title="bbox 523 3555 2863 3651; baseline 0 -20"><span class='ocrx_word' id='word_1_205' title='bbox 523 3578 705 3632; x_wconf 88' lang='lat' dir='ltr'>nans</span> <span class='ocrx_word' id='word_1_206' title='bbox 753 3577 836 3632; x_wconf 94' lang='lat' dir='ltr'>se</span> <span class='ocrx_word' id='word_1_207' title='bbox 885 3555 1086 3631; x_wconf 93' lang='lat' dir='ltr'>omni</span> <span class='ocrx_word' id='word_1_208' title='bbox 1125 3556 1356 3649; x_wconf 91' lang='lat' dir='ltr'>cultu,</span> <span class='ocrx_word' id='word_1_209' title='bbox 1390 3555 1604 3630; x_wconf 90' lang='lat' dir='ltr'>cuius</span> <span class='ocrx_word' id='word_1_210' title='bbox 1638 3555 1980 3630; x_wconf 90' lang='lat' dir='ltr'>decorem</span> <span class='ocrx_word' id='word_1_211' title='bbox 2020 3556 2217 3630; x_wconf 92' lang='lat' dir='ltr'>Deus</span> <span class='ocrx_word' id='word_1_212' title='bbox 2256 3556 2653 3651; x_wconf 83' lang='lat' dir='ltr'>ampliavit,</span> <span class='ocrx_word' id='word_1_213' title='bbox 2690 3556 2863 3650; x_wconf 89' lang='lat' dir='ltr'>quia</span> 
     </span>
     <span class='ocr_line' id='line_1_27' title="bbox 525 3674 2863 3771; baseline -0 -22"><span class='ocrx_word' id='word_1_214' title='bbox 525 3697 673 3751; x_wconf 93' lang='lat' dir='ltr'>non</span> <span class='ocrx_word' id='word_1_215' title='bbox 730 3696 826 3751; x_wconf 84' lang='lat' dir='ltr'>ex</span> <span class='ocrx_word' id='word_1_216' title='bbox 888 3674 1202 3769; x_wconf 88' lang='lat' dir='ltr'>libidine,</span> <span class='ocrx_word' id='word_1_217' title='bbox 1266 3675 1393 3750; x_wconf 89' lang='lat' dir='ltr'>sed</span> <span class='ocrx_word' id='word_1_218' title='bbox 1458 3675 1731 3749; x_wconf 85' lang='lat' dir='ltr'>virtute</span> <span class='ocrx_word' id='word_1_219' title='bbox 1794 3675 2221 3771; x_wconf 90' lang='lat' dir='ltr'>compositio</span> <span class='ocrx_word' id='word_1_220' title='bbox 2285 3675 2419 3750; x_wconf 89' lang='lat' dir='ltr'>ista</span> <span class='ocrx_word' id='word_1_221' title='bbox 2481 3676 2863 3770; x_wconf 88' lang='lat' dir='ltr'>pendebat,</span> 
     </span>
     <span class='ocr_line' id='line_1_28' title="bbox 527 3794 2861 3888; baseline -0.001 -18"><span class='ocrx_word' id='word_1_222' title='bbox 527 3795 753 3870; x_wconf 84' lang='lat' dir='ltr'>exivit</span> <span class='ocrx_word' id='word_1_223' title='bbox 798 3794 893 3869; x_wconf 87' lang='lat' dir='ltr'>ad</span> <span class='ocrx_word' id='word_1_224' title='bbox 940 3796 1184 3870; x_wconf 91' lang='lat' dir='ltr'>hostes</span> <span class='ocrx_word' id='word_1_225' title='bbox 1234 3815 1410 3870; x_wconf 93' lang='lat' dir='ltr'>cum</span> <span class='ocrx_word' id='word_1_226' title='bbox 1464 3816 1613 3869; x_wconf 89' lang='lat' dir='ltr'>una</span> <span class='ocrx_word' id='word_1_227' title='bbox 1663 3795 1817 3869; x_wconf 90' lang='lat' dir='ltr'>sola</span> <span class='ocrx_word' id='word_1_228' title='bbox 1867 3795 2127 3870; x_wconf 90' lang='lat' dir='ltr'>ancilla</span> <span class='ocrx_word' id='word_1_229' title='bbox 2170 3816 2303 3869; x_wconf 92' lang='lat' dir='ltr'>sua</span> <span class='ocrx_word' id='word_1_230' title='bbox 2317 3819 2337 3888; x_wconf 86' lang='lat'>3</span> <span class='ocrx_word' id='word_1_231' title='bbox 2380 3801 2453 3869; x_wconf 94' lang='lat' dir='ltr'>et</span> <span class='ocrx_word' id='word_1_232' title='bbox 2503 3795 2721 3870; x_wconf 89' lang='lat' dir='ltr'>ducta</span> <span class='ocrx_word' id='word_1_233' title='bbox 2770 3795 2861 3869; x_wconf 90' lang='lat' dir='ltr'>ad</span> 
     </span>
     <span class='ocr_line' id='line_1_29' title="bbox 525 3913 2867 4010; baseline 0 -22"><span class='ocrx_word' id='word_1_234' title='bbox 525 3913 945 3989; x_wconf 85' lang='lat' dir='ltr'>Olofernem</span> <span class='ocrx_word' id='word_1_235' title='bbox 994 3914 1354 4010; x_wconf 82' lang='lat' dir='ltr'>sagaciter</span> <span class='ocrx_word' id='word_1_236' title='bbox 1405 3913 1613 3988; x_wconf 84' lang='lat' dir='ltr'>finxit</span> <span class='ocrx_word' id='word_1_237' title='bbox 1662 3934 1742 3987; x_wconf 92' lang='lat' dir='ltr'>se</span> <span class='ocrx_word' id='word_1_238' title='bbox 1793 3914 2179 3988; x_wconf 90' lang='lat' dir='ltr'>recessisse</span> <span class='ocrx_word' id='word_1_239' title='bbox 2228 3914 2301 3988; x_wconf 94' lang='lat' dir='ltr'>in</span> <span class='ocrx_word' id='word_1_240' title='bbox 2353 3921 2689 3989; x_wconf 84' lang='lat' dir='ltr'>extrema</span> <span class='ocrx_word' id='word_1_241' title='bbox 2735 3934 2867 3989; x_wconf 90' lang='lat' dir='ltr'>ne-</span> 
     </span>
     <span class='ocr_line' id='line_1_30' title="bbox 526 4024 2864 4128; baseline -0.002 -19"><span class='ocrx_word' id='word_1_242' title='bbox 526 4033 882 4128; x_wconf 83' lang='lat' dir='ltr'>cessitato,</span> <span class='ocrx_word' id='word_1_243' title='bbox 935 4040 1017 4107; x_wconf 93' lang='lat' dir='ltr'>ut</span> <span class='ocrx_word' id='word_1_244' title='bbox 1067 4035 1484 4108; x_wconf 91' lang='lat' dir='ltr'>consuleret</span> <span class='ocrx_word' id='word_1_245' title='bbox 1534 4054 1688 4107; x_wconf 84' lang='lat' dir='ltr'>suae</span> <span class='ocrx_word' id='word_1_246' title='bbox 1740 4033 1981 4127; x_wconf 92' lang='lat' dir='ltr'>saluti,</span> <span class='ocrx_word' id='word_1_247' title='bbox 2018 4041 2093 4107; x_wconf 95' lang='lat' dir='ltr'>et</span> <span class='ocrx_word' id='word_1_248' title='bbox 2124 4033 2427 4108; x_wconf 91' lang='lat' dir='ltr'>doceret</span> <span class='ocrx_word' id='word_1_249' title='bbox 2461 4034 2763 4108; x_wconf 90' lang='lat' dir='ltr'>modum</span> <span class='ocrx_word' id='word_1_250' title='bbox 2789 4024 2864 4125; x_wconf 76' lang='lat'>(⁶)</span> 
     </span>
     <span class='ocr_line' id='line_1_31' title="bbox 524 4152 2871 4250; baseline -0 -21"><span class='ocrx_word' id='word_1_251' title='bbox 524 4152 893 4249; x_wconf 81' lang='lat' dir='ltr'>capiendae</span> <span class='ocrx_word' id='word_1_252' title='bbox 942 4154 1294 4248; x_wconf 83' lang='lat' dir='ltr'>civitatis3</span> <span class='ocrx_word' id='word_1_253' title='bbox 1349 4161 1423 4228; x_wconf 95' lang='lat' dir='ltr'>et</span> <span class='ocrx_word' id='word_1_254' title='bbox 1472 4153 1880 4229; x_wconf 89' lang='lat' dir='ltr'>admiscens</span> <span class='ocrx_word' id='word_1_255' title='bbox 1914 4153 2091 4227; x_wconf 86' lang='lat' dir='ltr'>falsa</span> <span class='ocrx_word' id='word_1_256' title='bbox 2133 4153 2328 4228; x_wconf 88' lang='lat' dir='ltr'>veris</span> <span class='ocrx_word' id='word_1_257' title='bbox 2365 4154 2648 4250; x_wconf 84' lang='lat' dir='ltr'>magnis</span> <span class='ocrx_word' id='word_1_258' title='bbox 2681 4154 2871 4228; x_wconf 89' lang='lat' dir='ltr'>adu-</span> 
     </span>
     <span class='ocr_line' id='line_1_32' title="bbox 523 4273 2873 4369; baseline 0 -21"><span class='ocrx_word' id='word_1_259' title='bbox 523 4274 913 4350; x_wconf 88' lang='lat' dir='ltr'>lationibus</span> <span class='ocrx_word' id='word_1_260' title='bbox 952 4274 1142 4369; x_wconf 86' lang='lat' dir='ltr'>cepit</span> <span class='ocrx_word' id='word_1_261' title='bbox 1177 4274 1619 4368; x_wconf 80' lang='lat' dir='ltr'>Olofernem,</span> <span class='ocrx_word' id='word_1_262' title='bbox 1657 4273 1784 4348; x_wconf 87' lang='lat' dir='ltr'>sed</span> <span class='ocrx_word' id='word_1_263' title='bbox 1818 4274 2054 4348; x_wconf 91' lang='lat' dir='ltr'>multo</span> <span class='ocrx_word' id='word_1_264' title='bbox 2088 4273 2348 4348; x_wconf 80' lang='lat' dir='ltr'>fortius</span> <span class='ocrx_word' id='word_1_265' title='bbox 2385 4274 2873 4369; x_wconf 90' lang='lat' dir='ltr'>pulcritudine</span> 
     </span>
    </p>
   </div>
   <div class='ocr_carea' id='block_1_3' title="bbox 2662 4441 2873 4450">
    <p class='ocr_par' dir='ltr' id='par_1_3' title="bbox 2662 4441 2873 4450">
     <span class='ocr_line' id='line_1_33' title="bbox 2662 4441 2873 4450; baseline 0 1109"><span class='ocrx_word' id='word_1_266' title='bbox 2662 4441 2873 4450; x_wconf 95' lang='lat' dir='ltr'> </span> 
     </span>
    </p>
   </div>
   <div class='ocr_carea' id='block_1_4' title="bbox 649 4493 2488 4723">
    <p class='ocr_par' dir='ltr' id='par_1_4' title="bbox 649 4493 2488 4723">
     <span class='ocr_line' id='line_1_34' title="bbox 649 4493 2488 4571; baseline 0 -14"><span class='ocrx_word' id='word_1_267' title='bbox 649 4506 706 4567; x_wconf 85' lang='lat'>(¹)</span> <span class='ocrx_word' id='word_1_268' title='bbox 741 4510 830 4557; x_wconf 97' lang='grc'>117</span> <span class='ocrx_word' id='word_1_269' title='bbox 863 4519 892 4555; x_wconf 85' lang='lat' dir='ltr'>e</span> <span class='ocrx_word' id='word_1_270' title='bbox 926 4507 984 4556; x_wconf 84' lang='lat' dir='ltr'>E.</span> <span class='ocrx_word' id='word_1_271' title='bbox 1018 4507 1178 4556; x_wconf 77' lang='lat' dir='ltr'>alium</span> <span class='ocrx_word' id='word_1_272' title='bbox 1211 4514 1387 4558; x_wconf 78' lang='lat' dir='ltr'>actum</span> <span class='ocrx_word' id='word_1_273' title='bbox 1418 4513 1470 4557; x_wconf 79' lang='lat' dir='ltr'>et</span> <span class='ocrx_word' id='word_1_274' title='bbox 1504 4493 1758 4558; x_wconf 75' lang='lat' dir='ltr'>amarum.</span> <span class='ocrx_word' id='word_1_275' title='bbox 2012 4510 2066 4571; x_wconf 91' lang='lat'>()</span> <span class='ocrx_word' id='word_1_276' title='bbox 2101 4512 2208 4568; x_wconf 88' lang='grc'>117,</span> <span class='ocrx_word' id='word_1_277' title='bbox 2244 4507 2488 4558; x_wconf 75' lang='lat' dir='ltr'>describit</span> 
     </span>
     <span class='ocr_line' id='line_1_35' title="bbox 649 4582 2460 4644; baseline -0.001 -11"><span class='ocrx_word' id='word_1_278' title='bbox 649 4582 702 4644; x_wconf 84' lang='lat'>(⁸)</span> <span class='ocrx_word' id='word_1_279' title='bbox 739 4587 829 4633; x_wconf 92' lang='grc'>117</span> <span class='ocrx_word' id='word_1_280' title='bbox 881 4582 908 4632; x_wconf 79' lang='lat' dir='ltr'>s</span> <span class='ocrx_word' id='word_1_281' title='bbox 935 4588 1050 4633; x_wconf 85' lang='lat' dir='ltr'>ntes</span> <span class='ocrx_word' id='word_1_282' title='bbox 1083 4598 1135 4633; x_wconf 91' lang='lat' dir='ltr'>m</span> <span class='ocrx_word' id='word_1_283' title='bbox 1209 4586 1355 4635; x_wconf 81' lang='lat' dir='ltr'>lium.</span> <span class='ocrx_word' id='word_1_284' title='bbox 2010 4588 2063 4642; x_wconf 81' lang='lat'>()</span> <span class='ocrx_word' id='word_1_285' title='bbox 2098 4583 2132 4632; x_wconf 90' lang='lat' dir='ltr'>S</span> <span class='ocrx_word' id='word_1_286' title='bbox 2211 4598 2244 4632; x_wconf 83' lang='lat' dir='ltr'>x</span> <span class='ocrx_word' id='word_1_287' title='bbox 2277 4583 2460 4633; x_wconf 83' lang='lat' dir='ltr'>consili</span> 
     </span>
     <span class='ocr_line' id='line_1_36' title="bbox 653 4659 1657 4723; baseline -0.001 -12"><span class='ocrx_word' id='word_1_288' title='bbox 653 4659 708 4722; x_wconf 86' lang='lat'>(⁸)</span> <span class='ocrx_word' id='word_1_289' title='bbox 744 4664 850 4718; x_wconf 88' lang='grc'>117,</span> <span class='ocrx_word' id='word_1_290' title='bbox 876 4660 1089 4710; x_wconf 86' lang='lat' dir='ltr'>modum</span> <span class='ocrx_word' id='word_1_291' title='bbox 1120 4660 1352 4723; x_wconf 79' lang='lat' dir='ltr'>capiendi</span> <span class='ocrx_word' id='word_1_292' title='bbox 1385 4660 1657 4711; x_wconf 80' lang='lat' dir='ltr'>civitatem.</span> 
     </span>
    </p>
   </div>
   <div class='ocr_carea' id='block_1_5' title="bbox 795 4765 2605 4808">
    <p class='ocr_par' dir='ltr' id='par_1_5' title="bbox 795 4765 2605 4808">
     <span class='ocr_line' id='line_1_37' title="bbox 795 4765 2605 4808; baseline 0.001 -1"><span class='ocrx_word' id='word_1_293' title='bbox 795 4766 877 4808; x_wconf 90' lang='lat'>111.</span> <span class='ocrx_word' id='word_1_294' title='bbox 2550 4765 2605 4808; x_wconf 73' lang='lat'>28</span> 
     </span>
    </p>
   </div>
  </div>
 </body>
</html>
