3704 5559
2716 531 2854 598 403

516 908 845 979 CANTUS
883 911 1261 980 DECIMUS
1300 913 1694 994 QUINTUS,
1727 917 1799 981 in
1827 936 1947 998 quo
1977 923 2211 984 tractat
2236 920 2398 986 sicut
2412 942 2539 1002 per
2568 922 2857 1007 anyelum

669 1025 932 1106 fuerunt
976 1025 1163 1104 ducti,
1205 1031 1265 1091 et
1307 1027 1467 1091 sicut
1510 1026 1818 1111 Virfflius
1864 1029 2209 1095 declaravit
2244 1030 2524 1114 aliquam
2569 1036 2857 1115 quaestio-

672 1158 813 1201 nem
846 1136 923 1201 de
959 1136 1169 1219 aliquo
1206 1137 1370 1202 dicto
1414 1138 1590 1203 illius
1618 1138 1935 1223 Raynerii
1962 1141 2039 1205 de
2068 1140 2524 1225 Romandiola3
2558 1150 2617 1210 et
2632 1151 2860 1226 postea

672 1249 835 1311 sicut
862 1248 934 1312 in
968 1247 1244 1330 quadam
1275 1249 1513 1314 visione
1554 1249 1714 1314 vidit
1759 1250 2009 1333 aliquas
2042 1252 2292 1336 fiyuras
2336 1275 2475 1336 quae
2520 1255 2861 1338 disponunt

669 1359 892 1423 vitium
931 1359 1402 1425 iracundorum.

681 1659 1097 1866 QUANTo
1148 1759 1265 1825 tra
1315 1756 1654 1826 Pultimar
1702 1757 1862 1828 dell'
1889 1776 2028 1827 ora
2078 1763 2295 1828 terza.
2340 1758 2737 1851 Postquam
2781 1759 2855 1831 in

519 1875 955 1966 praecedenti
1032 1874 1348 1968 capitulo
1425 1881 1637 1968 poeta
1714 1880 1960 1948 noster
2030 1877 2393 1971 expedivit
2461 1883 2856 1952 tractatum

518 1993 827 2089 invidiae,
890 2015 1057 2089 quae
1122 2000 1484 2090 purgatur
1546 1994 1619 2067 in
1684 1995 2007 2069 secundo
2075 1996 2350 2071 circulo
2415 1999 2855 2096 purgatorii3

518 2134 716 2186 nunc
752 2120 1287 2207 consequenter
1337 2114 1487 2210 agit
1537 2120 1610 2190 et
1661 2120 1923 2188 tractat
1954 2113 2047 2188 de
2084 2116 2298 2189 tertio
2333 2117 2507 2191 vitio
2548 2118 2856 2214 capitali,

519 2232 717 2326 quod
770 2239 1129 2330 purgatur
1181 2233 1252 2306 in
1304 2234 1519 2308 tertio
1563 2234 1861 2328 circum,
1906 2241 1980 2309 et
2020 2241 2255 2309 totum
2293 2237 2694 2331 capitulum
2731 2239 2859 2313 XV

519 2358 942 2427 contentum
978 2346 1049 2445 (¹)
1131 2359 1242 2428 est
1319 2353 1533 2427 dividi
1611 2354 1682 2425 in
1762 2359 2084 2447 quatuor
2146 2362 2388 2450 partes
2452 2359 2858 2452 generales

518 2477 598 2547 ln
663 2475 898 2569 prima
968 2494 1287 2568 quarum
1359 2479 1575 2567 poeta
1636 2474 1977 2548 describit
2044 2475 2570 2569 apparitionem
2644 2477 2862 2550 unius

518 2594 782 2689 angeli,
848 2594 975 2687 qui
1041 2598 1309 2689 purgat
1340 2584 1413 2684 (²)
1484 2614 1656 2667 eum
1734 2614 1778 2667 a
1856 2593 2029 2667 vitio
2107 2594 2414 2687 invidiae,
2481 2601 2553 2670 et
2621 2596 2862 2692 dirigit

519 2714 611 2789 ad
662 2713 1025 2789 circulum
1076 2713 1225 2787 irae.
1281 2713 1359 2786 In
1412 2713 1729 2787 secunda
1789 2712 1959 2787 facit
2014 2711 2581 2788 declarationem
2643 2715 2862 2789 unius

519 2834 685 2908 dicti
740 2835 947 2929 positi
1000 2835 1075 2907 in
1135 2834 1570 2929 praecedenti
1634 2834 1974 2928 capitulo,
2028 2834 2225 2926 quod
2287 2834 2671 2908 videbatur
2727 2835 2863 2910 ob-

521 2975 850 3049 scurum,
901 2955 1034 3028 ibi:
1098 2957 1163 3028 el
1225 2957 1364 3026 mio
1424 2963 1748 3027 maes-tro.
1811 2955 1892 3026 In
1957 2953 2169 3027 tertia
2229 2953 2569 3028 describit
2635 2949 2857 3029 unam

520 3095 732 3148 suam
787 3074 1165 3168 visionem,
1206 3094 1336 3169 per
1390 3095 1617 3166 quam
1667 3073 1882 3147 docet
1931 3093 2352 3167 praecavere
2403 3073 2498 3148 ab
2549 3073 2680 3168 ira,
2724 3074 2859 3148 ibi:

518 3198 691 3268 com’
714 3198 786 3268 io
839 3198 1055 3269 volea.
1110 3194 1190 3266 In
1242 3200 1506 3286 quarta
1543 3198 1617 3268 et
1658 3194 1916 3267 ultima
1953 3193 2153 3289 ponit
2186 3193 2861 3289 interpretationem

517 3315 707 3388 illius
758 3315 1049 3388 visionis
1100 3315 1367 3388 factam
1405 3334 1449 3387 a
1485 3313 1806 3409 virgilie,
1847 3313 1978 3387 ibi:
2016 3316 2300 3410 quando
2351 3317 2392 3385 Γ
2420 3317 2660 3388 anima
2696 3319 2860 3388 mia.

520 3435 626 3508 Ad
663 3435 985 3530 primum
1025 3434 1312 3508 rediens
1345 3433 1531 3526 dice,
1576 3433 1772 3526 quod
1813 3440 2029 3529 poeta
2071 3439 2319 3507 noster
2358 3433 2699 3508 describit
2731 3456 2865 3530 ap·-

518 3557 951 3651 paritionem
1008 3554 1227 3628 unius
1278 3555 1560 3649 angeli3
1597 3554 1722 3628 sed
1759 3553 1998 3648 primo
2033 3554 2401 3648 praemittit
2440 3554 2865 3649 descriptio-

517 3697 689 3750 nem
743 3677 969 3768 horae,
1029 3681 1105 3749 et
1169 3672 1460 3749 videtur
1525 3674 1772 3748 dicere
1831 3673 2376 3767 sententialiter,
2437 3675 2634 3767 quod
2704 3681 2864 3749 erat

520 3796 701 3867 bora
759 3793 1208 3889 vespertina3
1263 3792 1462 3886 quod
1513 3792 1682 3866 dicit
1717 3814 1849 3887 per
1884 3813 2110 3866 unam
2149 3793 2652 3868 circuitionem
2692 3814 2864 3869 ver-

519 3914 811 3988 borum.
866 3913 1051 3987 Dicit
1100 3913 1319 4008 enim,
1373 3913 1571 4006 quod
1622 3919 1909 3987 tantum
1972 3919 2133 3986 erat
2194 3913 2288 3988 ab
2351 3913 2468 3988 illa
2535 3916 2716 3989 hora
2768 3916 2861 3991 ad

521 4055 711 4127 ser0,
754 4039 1112 4127 quantum
1150 4039 1260 4107 est
1308 4035 1621 4107 abortu
1676 4032 1846 4106 solis
1887 4053 2127 4125 usque
2167 4033 2259 4106 ad
2295 4033 2553 4107 boram
2606 4035 2863 4111 tertia·-

520 4176 733 4248 rum3
785 4155 886 4229 ita
937 4156 1135 4248 quod
1186 4155 1393 4251 large
1427 4152 1795 4246 loquendo
1830 4153 2201 4227 restabant
2235 4152 2421 4228 forte
2462 4160 2614 4231 tres
2656 4158 2859 4232 boroe

517 4274 684 4368 diei,
722 4281 817 4368 et,
857 4281 938 4347 ut
980 4275 1179 4349 clare
1228 4273 1489 4367 dicam,
1527 4280 1687 4348 erat
1720 4272 1930 4366 quasi
1984 4273 2165 4346 bora
2209 4273 2559 4369 vigesima
2596 4276 2858 4370 prima.

518 4394 703 4468 Dicit
752 4414 971 4490 ergo:
1026 4400 1218 4467 tanto
1240 4413 1520 4486 pareva
1553 4382 1676 4483 yid
1709 4414 1897 4466 esser
1936 4395 2206 4466 rimaso
2255 4396 2334 4466 al
2375 4398 2521 4469 sole
2567 4398 2685 4470 del
2727 4419 2856 4472 suo

639 4658 697 4720 (¹)
733 4662 839 4718 11⁷,
874 4661 1043 4721 potest
1073 4657 1246 4709 dinan.
1807 4657 1867 4723 (¹)
1897 4660 1959 4712 Β,
1992 4662 2260 4726 purgum,
