3704 5559
879 495 1019 559 470
1598 508 2005 563 COMENTUM
2056 508 2492 562 PURGATORlI

875 653 1180 727 modum
1215 654 1385 727 mali
1414 654 1709 748 amoriS‚
1739 675 1785 729 a
1820 675 1972 747 quo
2008 655 2332 727 nascitur
2367 654 2691 749 primum
2726 653 2987 728 vitium
3014 653 3218 727 dam-

875 774 1425 867 nabilissimum,
1479 775 1750 848 scilicet
1814 774 2180 869 superbia.
2236 774 2612 868 Superbus
2676 773 2898 865 enim,
2949 773 3112 865 quia
3141 766 3212 864 (¹)

873 902 1077 970 amat
1102 894 1620 969 exaltationem
1657 915 1897 987 suam,
1928 893 2291 968 desiderat
2316 893 2858 988 depressionem
2887 892 3211 987 proximi.

872 1016 1053 1089 Dicit
1105 1035 1324 1111 ergo:
1378 999 1465 1105 Ε,
1518 1016 1775 1109 supple
1825 1015 2110 1109 aliqui5‚
2163 1017 2273 1087 clei
2319 1036 2534 1106 spera
2583 1017 2990 1104 eccellenza,
3042 1034 3205 1086 nam

873 1133 1258 1228 superbire
1310 1154 1456 1207 non
1509 1144 1619 1210 est
1666 1135 1889 1228 aliud,
1941 1155 2166 1228 quam
2218 1155 2441 1229 super
2475 1133 2654 1207 alios
2698 1134 2886 1207 velle
2926 1134 3057 1224 ire,
3086 1154 3213 1224 per

872 1275 1060 1325 esser
1092 1274 1218 1325 suo
1255 1257 1433 1326 vicin
1465 1276 1863 1346 soppressO,
1901 1254 2105 1347 idest,
2142 1261 2440 1349 propter
2481 1252 3008 1348 depositionem
3041 1273 3209 1347 pro-

876 1372 1074 1464 ximi,
1126 1395 1163 1444 e
1210 1376 1322 1445 sol
1368 1395 1500 1464 per
1563 1380 1796 1464 questo
1866 1375 2146 1464 brama,
2210 1374 2414 1467 idest,
2481 1380 2555 1446 et
2616 1373 2856 1446 solum
2924 1378 3212 1466 propter

873 1493 1086 1566 istam
1139 1513 1440 1567 causam
1505 1499 1578 1568 et
1641 1514 1787 1567 non
1838 1494 2057 1567 aliam
2109 1495 2402 1589 appetit,
2455 1496 2557 1566 clz'
2583 1496 2651 1565 el
2708 1497 2818 1565 sia
2877 1495 2953 1564 in
3014 1493 3215 1563 basso

874 1634 1123 1704 mes-sc,
1175 1614 1381 1708 idest,
1419 1614 1615 1708 quod
1667 1615 1785 1688 ille
1835 1614 2118 1688 vicinus
2168 1613 2549 1689 deiiciatur
2598 1635 2643 1687 a
2697 1619 2890 1685 statu
2943 1633 3100 1704 suo,
3138 1615 3216 1684 di

874 1755 1006 1807 sua
1053 1737 1494 1826 yrandezza,
1548 1736 1750 1830 idest,
1806 1741 1890 1807 ut
1941 1735 2093 1830 ipse
2146 1734 2676 1830 magnificetur.
2717 1733 2859 1807 Sed
2896 1733 3010 1807 hic
3047 1739 3216 1806 nota

875 1854 1072 1946 quod
1126 1856 1286 1929 talis
1336 1876 1547 1928 amor
1601 1877 1779 1930 vere
1830 1862 1941 1929 est
1992 1875 2418 1949 perversus3
2469 1874 2640 1926 nam
2687 1853 2953 1946 quaerit
2976 1854 3218 1947 jactu-

875 1996 1035 2048 ram
1093 1982 1166 2049 et
1220 1976 1508 2049 ruinam
1553 1996 1790 2070 suam,
1828 1977 2016 2049 sicut
2055 1976 2269 2070 plane
2301 1966 2374 2066 (²)
2415 1980 2906 2048 monstratum
2951 1977 3054 2046 est
3087 1992 3214 2043 su-

877 2114 1011 2187 pra
1061 2095 1377 2189 capitulo
1413 2096 1560 2166 Xll.
1614 2096 1801 2167 Nihil
1854 2095 2048 2169 enim
2088 2094 2475 2189 superbius
2516 2092 2837 2185 homine,
2874 2092 3045 2164 nihil
3078 2090 3215 2163 mi-

875 2212 1137 2305 serim,
1199 2219 1282 2285 ut
1347 2214 1449 2286 ait
1512 2214 1829 2286 Plinius:
1909 2219 2048 2286 Cur
2098 2216 2279 2285 enim
2350 2216 2457 2286 vel
2519 2214 2702 2285 unde
2753 2215 2962 2284 miser
3009 2214 3209 2283 homo

875 2333 1231 2424 superbit?
1298 2339 1413 2405 An
1479 2335 1694 2406 nescit
1757 2355 1829 2406 se
1878 2336 2381 2425 receptaculum
2446 2336 2787 2421 sordium,
2857 2335 3215 2424 hospitium

873 2456 1199 2526 dolorum
1218 2510 1243 2545 ,
1323 2458 1742 2547 mancipium
1818 2457 2062 2527 mortis
2085 2462 2123 2526 ?
2196 2454 2381 2527 Nihil
2459 2459 2568 2528 est
2643 2473 2824 2548 ergo
2901 2452 3215 2526 odiosius

874 2574 1030 2647 Deo
1108 2594 1330 2666 quam
1413 2574 1775 2669 superbia.
1848 2574 2065 2647 Certe
2130 2593 2303 2647 cum
2373 2580 2643 2648 caetera
2710 2579 3014 2667 peccata
3084 2572 3218 2644 ho-

875 2692 1156 2765 minum
1222 2694 1543 2768 habeant
1603 2694 2174 2789 excusationem,
2236 2694 2403 2768 licet
2457 2694 2823 2787 iniustam,
2879 2692 3217 2789 superbia

876 2815 1152 2888 nullam
1204 2816 1424 2889 habet
1475 2835 1644 2889 cum
1698 2837 1834 2889 sua
1872 2815 2016 2889 filia
2059 2814 2346 2907 invidia,
2386 2836 2555 2908 quae
2590 2815 2833 2889 statim
2888 2814 3217 2908 sequitur

875 2942 1215 3009 matrem.
1261 2935 1453 3030 Ergo
1506 2936 1814 3010 monstri
1849 2956 2085 3031 genus
2120 2942 2230 3008 est
2270 2935 2633 3028 superbus
2684 2935 3221 3008 homuncio.—

872 3039 952 3126 Ε.
1007 3054 1139 3128 Hic
1191 3053 1532 3149 Virgilius
1583 3054 1812 3150 tangit
1865 3053 2272 3127 secundum
2337 3053 2639 3127 modum
2693 3054 2970 3128 amoris
3023 3053 3214 3145 mali,

870 3195 915 3247 a
967 3193 1118 3265 quo
1171 3173 1495 3246 nascitur
1547 3173 1834 3247 invidia.
1890 3172 2181 3246 Invidus
2233 3173 2454 3266 enim,
2509 3174 2681 3267 quia
2737 3174 2941 3247 timet
2975 3194 3065 3246 ne
3104 3173 3216 3246 al-

872 3291 1103 3364 terius
1156 3292 1446 3366 fortuna
1497 3293 1803 3388 deroget
1856 3313 2010 3366 suae
2062 3293 2398 3387 fortunae,
2440 3294 2635 3368 dolet
2682 3294 2774 3368 de
2825 3293 3009 3366 illius
3065 3292 3220 3367 feli-

872 3409 1107 3484 citate.
1164 3410 1346 3483 Dicit
1396 3431 1612 3506 ergo:
1666 3395 1754 3501 E',
1790 3409 1996 3505 idest,
2050 3419 2161 3486 est
2208 3412 2468 3506 aliquis
2519 3413 2728 3505 aliuS,
2771 3416 2879 3484 chi
2929 3421 3097 3485 teme
3148 3415 3223 3486 di

863 3533 1126 3624 perder
1171 3532 1460 3624 podere,
1520 3530 1724 3625 idest,
1791 3532 2215 3626 potentiam,
2275 3537 2563 3623 yrazia,
2623 3533 2829 3626 idest,
2889 3533 3218 3607 favorem

869 3652 1279 3745 hominum,
1315 3674 1535 3725 onore
1584 3675 1622 3725 e
1664 3657 1917 3747 sama;
1972 3674 2140 3726 nam
2196 3653 2460 3727 invidia
2523 3655 2815 3748 proprie
2866 3665 2976 3730 est
3026 3656 3217 3728 inter

870 3794 1105 3868 pareS‚
1158 3773 1345 3847 sicut
1397 3773 1666 3870 figulus
1720 3773 1990 3847 invidet
2046 3772 2292 3868 figulo,
2349 3774 2679 3848 medicus
2730 3775 3037 3867 medioe,
3086 3795 3222 3866 per

869 3896 1152 3966 clz’altri
1182 3897 1548 3982 sormonti,
1584 3893 1790 3985 idest,
1827 3892 2000 3986 quia
2037 3891 2317 3966 vicinus
2353 3913 2578 3988 super
2613 3893 2898 3967 excedit
2932 3913 3108 3966 eum
3142 3892 3216 3965 in

870 4012 1215 4087 facultate
1263 4035 1398 4087 sua
1430 4003 1530 4107 (³),
1583 4014 1762 4085 onde
1810 4014 1868 4083 s’
1895 4014 2172 4084 alm-sta
2235 4003 2294 4084 εὶ
2352 4015 2470 4085 che
2504 4015 2554 4084 ’l
2609 4015 2970 4084 contrario
3023 4033 3216 4102 ama,

871 4132 1158 4226 scilicet,
1217 4140 1297 4205 ut
1348 4133 1468 4206 ille
1517 4131 1994 4226 deprimatur.
2030 4131 2116 4202 Et
2152 4131 2268 4204 hic
2305 4137 2475 4206 nota
2511 4131 2707 4225 quod
2750 4130 3016 4204 invidia
3054 4154 3214 4206 ma-

873 4251 1071 4323 xime
1131 4259 1393 4345 regnat
1454 4251 1641 4325 inter
1695 4251 2017 4325 vicinos:
2073 4251 2269 4324 unde
2334 4272 2467 4325 rex
2530 4271 3012 4325 romanorum
3069 4272 3214 4325 non

873 4368 1143 4443 invidet
1194 4371 1351 4465 regi
1402 4372 1860 4470 parthorum,
1896 4377 2029 4445 aut
2079 4371 2198 4445 ille
2250 4371 2423 4466 sibi3
2477 4372 2604 4445 sed
2655 4370 2951 4464 quando
3004 4371 3212 4445 vicini

999 4555 1050 4616 (Ἰ
1087 4558 1192 4614 ¹¹⁷2
1228 4556 1317 4617 qui
1349 4560 1504 4603 ³⁰¹³!-
1953 4552 2009 4617 (’)
2045 4559 2152 4615 117,
2187 4555 2339 4619 plene
2372 4557 2784 4607 demonstratum
2815 4559 2907 4605 est.

999 4629 1052 4693 (⁸)
1086 4629 1147 4680 Ε.
1182 4631 1234 4679 in
1268 4630 1513 4682 felicitate
1545 4643 1656 4680 sua.
