3704 5559
839 498 932 563 42
1561 508 1968 563 coMEN'rUM
2021 510 2462 564 PURGATonu

837 673 918 727 se
968 653 1058 727 ad
1114 660 1433 746 terram3
1487 653 1587 726 ita
1637 660 1858 726 autor
1908 654 2032 746 qui
2087 653 2368 747 primus
2399 646 2470 744 (¹)
2527 659 2689 727 erat
2740 660 2956 727 natus
3001 654 3188 729 inter

837 785 1124 851 montes
1165 782 1237 849 et
1271 795 1450 848 saxa
1492 775 1696 848 velut
1737 794 2058 867 quercus
2090 775 2258 866 alta,
2293 774 2480 848 dura
2532 782 2606 847 et
2656 774 2953 869 nodosa,
2994 794 3190 848 nunc

838 894 1069 967 induit
1122 895 1633 987 humilitatem,
1688 900 1762 967 et
1812 894 2007 967 dedit
2060 901 2265 989 terga
2330 900 2584 967 contra
2639 894 2995 987 impetum
3056 894 3189 969 ad-

834 1036 1249 1108 versorum,
1292 1021 1365 1089 et
1415 1014 1616 1089 venit
1671 1014 1764 1087 ad
1824 1014 2299 1087 habitandum
2355 1016 2598 1087 locum
2654 1015 2980 1108 planum,
3047 1015 3187 1088 sci-

835 1135 1004 1209 licet
1053 1136 1503 1227 Ravennam,
1543 1133 1892 1208 recedens
1926 1154 1971 1206 a
2006 1140 2226 1230 gente
2259 1134 2577 1228 superba
2620 1155 2956 1228 suorum,
2998 1134 3188 1207 sicut

826 1256 984 1350 jam
1040 1255 1304 1329 totiens
1339 1254 1490 1348 ipse
1529 1253 1729 1326 dixit:
1765 1254 1856 1325 Et
1887 1254 2010 1326 dat
2045 1254 2450 1327 secundum
2485 1245 2558 1345 (²)
2593 1254 2955 1348 optimum
2990 1274 3186 1348 prae-

834 1382 1158 1468 ceptum,
1208 1373 1500 1447 dicens:
1555 1395 1592 1445 e
1641 1375 1760 1445 che
1805 1375 1908 1463 qli
1957 1375 2102 1444 lavi
2147 1375 2202 1444 il
2241 1376 2412 1464 visa,
2451 1373 2654 1466 idest,
2692 1374 2951 1447 faciem
2996 1374 3180 1466 eius,

833 1486 893 1567 εὶ
941 1498 1000 1566 c’
1026 1515 1206 1585 oque
1246 1496 1633 1566 succidume
1684 1496 1925 1583 quinat·
1971 1496 2230 1583 slinqa,
2282 1492 2485 1586 idest,
2541 1498 2623 1564 ut
2674 1494 3061 1589 extinguas
3111 1499 3187 1567 et

833 1634 1202 1709 expurges
1252 1615 1346 1687 ab
1398 1634 1488 1687 eo
1540 1633 1837 1686 omnem
1893 1612 2187 1686 sordem
2241 1611 2612 1685 vitiorum.
2658 1613 2936 1686 Dicitur
2987 1613 3181 1686 enim

830 1733 1267 1808 sucidumen
1292 1755 1338 1807 a
1365 1754 1567 1826 suco,
1600 1738 1673 1806 et
1705 1732 2029 1827 assignat
2063 1751 2365 1804 causam
2404 1732 2622 1804 buius
2656 1731 2901 1805 dicens
2933 1758 2949 1803 ε
2987 1731 3184 1825 quod

830 1874 979 1927 non
1030 1860 1223 1929 esset
1255 1853 1696 1927 conveniens
1748 1851 1947 1945 quod
1982 1851 2182 1923 visus
2215 1850 2529 1924 foedatus
2576 1850 2759 1923 vitiis
2799 1849 3184 1923 accederet

829 1974 921 2048 ad
982 1980 1454 2068 conspectum
1513 1971 1769 2067 Angeli
1830 1970 2155 2062 Domini3
2217 1969 2414 2043 unde
2464 1969 2678 2042 dicit:
2740 1966 2863 2042 che*
2915 1991 3059 2041 non
3122 1972 3185 2041 si

828 2096 1204 2165 conver-ria
1256 2096 1298 2164 ἴ
1324 2095 1558 2165 occhio
1607 2093 1930 2183 sorpriso
1983 2092 2052 2161 d’
2079 2093 2337 2162 alcuna
2389 2090 2660 2178 nebbia,
2713 2088 2919 2181 idest,
2972 2090 3183 2165 intel-

830 2215 1104 2287 lectum
1157 2213 1524 2285 fuscatum
1559 2211 1805 2305 aliqua
1852 2211 2143 2283 macula
2186 2210 2556 2302 vitiorum,
2600 2211 2840 2282 andar
2890 2212 3186 2281 dinanzi

831 2335 909 2405 al
946 2335 1183 2424 primo
1235 2335 1579 2419 ministra,
1632 2330 1835 2422 idest,
1890 2329 1979 2402 ad
2033 2329 2495 2423 praesentiam
2548 2328 2767 2422 primi
2832 2327 3180 2419 officialis,

828 2448 1015 2525 ch'de
1038 2453 1113 2524 di
1144 2454 1300 2543 quei
1331 2454 1407 2524 di
1426 2452 1802 2543 paradiso,
1832 2448 2006 2542 quia
2043 2469 2236 2520 unus
2273 2448 2592 2542 Angelus
2618 2447 2822 2520 sedet
2854 2468 3079 2540 supra
3101 2438 3176 2539 (³)

827 2577 1036 2665 porta
1089 2571 1244 2644 veri
1310 2568 1740 2665 purgatorii,
1802 2574 2060 2641 tenens
2130 2567 2395 2657 claveS‚
2465 2566 2735 2659 quibus
2785 2567 3057 2639 claudit
3106 2572 3179 2639 et

824 2690 1059 2788 aperit
1109 2697 1398 2786 portam
1453 2688 1830 2762 fortiorem
1884 2708 2110 2779 quam
2163 2687 2297 2760 ista
2351 2687 2461 2781 sit,
2520 2686 2642 2759 ubi
2699 2692 2841 2762 stat
2892 2687 3070 2760 Cato
3106 2685 3175 2757 in

826 2810 1127 2884 introitu
1178 2808 1761 2905 antipurgatorii.
1805 2807 1937 2881 Hic
1970 2813 2221 2881 autem
2257 2807 2579 2903 Angelus
2623 2807 2895 2903 figurat
2928 2827 3178 2880 sacer-

824 2931 1072 3005 dotem
1123 2929 1215 3002 de
1267 2948 1416 3021 quo
1467 2927 1752 3001 dicetur
1803 2928 2018 3020 plene
2068 2947 2264 2999 nono
2300 2927 2641 3020 capitulo.
2681 2927 2823 3001 Sed
2862 2927 2980 3000 hic
3033 2925 3179 2999 ori-

825 3057 948 3122 tur
1000 3069 1150 3122 una
1198 3046 1590 3121 dubitatio:
1646 3045 1936 3118 videtur
1979 3045 2174 3118 enim
2213 3046 2408 3139 quod
2444 3052 2661 3140 poeta
2695 3045 2827 3118 sibi
2880 3052 3173 3119 contra-

824 3167 1036 3260 dicat,
1091 3165 1262 3258 quia
1314 3165 1385 3237 in
1437 3163 1781 3257 praedicto
1816 3164 2136 3257 capitulo
2188 3163 2412 3259 finget
2453 3164 2651 3256 quod
2687 3164 2821 3237 iste
2854 3164 3172 3260 Angelus

821 3284 1189 3381 insignivit
1239 3282 1373 3355 sibi
1438 3288 1716 3375 septem
1770 3284 1846 3374 P,
1901 3283 2081 3356 idest
2145 3291 2424 3377 septem
2488 3289 2786 3378 peccata
2840 3283 3175 3357 mortalia

822 3404 897 3477 in
947 3404 1208 3498 fronte,
1261 3423 1430 3496 quae
1478 3410 1730 3499 postea
1785 3406 1936 3499 ipse
1986 3405 2407 3501 singulatim
2465 3407 2806 3503 purgabit
2859 3427 2989 3501 per
3025 3407 3175 3480 sin-

822 3523 1038 3619 gulos
1105 3523 1437 3596 circulos.
1506 3524 1894 3610 Quomodo
1959 3545 2139 3620 ergo
2200 3525 2315 3598 hic
2378 3527 2796 3621 praecipitur
2846 3527 3075 3600 lavari
3129 3548 3174 3600 a

825 3641 1124 3737 Virgilio
1188 3649 1268 3715 ut
1329 3644 1629 3718 accedat
1701 3651 2062 3740 purgatus
2119 3644 2208 3717 ad
2277 3644 2698 3740 Angelum?
2767 3646 3172 3720 Dicendum

821 3762 1147 3837 breviter
1197 3762 1395 3856 quod
1457 3770 1672 3857 poeta
1723 3762 1914 3836 bene
1964 3769 2036 3836 et
2090 3762 2450 3837 subtiliter
2509 3765 2647 3838 hoc
2705 3764 2945 3861 fingit3
3000 3785 3172 3838 nam

820 3903 956 3979 per
1005 3885 1143 3957 hoc
1192 3882 1316 3956 dat
1365 3882 1664 3979 intelligi
1717 3882 1919 3975 quod
1960 3884 2182 3955 homo
2223 3884 2580 3956 contritus
2615 3884 2708 3958 de
2759 3885 2990 3979 culpis
3024 3885 3175 3958 suis

820 4003 894 4076 in
943 4004 1192 4077 animo
1225 4024 1384 4097 suo,
1428 4002 1671 4078 statim
1725 4009 1837 4077 est
1899 4003 2281 4076 absolutus
2342 4002 2415 4075 in
2469 4010 2863 4097 conspectu
2919 4003 3172 4078 aeterni

819 4122 1126 4215 Iudicis;
1178 4128 1254 4197 et
1303 4128 1552 4197 tamen
1602 4122 1660 4195 si
1715 4122 1935 4196 habet
1984 4128 2276 4215 tempus
2319 4127 2392 4195 et
2426 4123 2671 4195 locum
2707 4122 2926 4197 debet
2960 4142 3176 4196 acce-

819 4240 997 4315 dere
1043 4241 1136 4314 ad
1189 4242 1646 4316 sacerdotem
1696 4241 1788 4314 ad
1843 4240 2370 4314 confessionem
2432 4241 2836 4316 faciendam
2890 4250 2965 4316 et
3015 4263 3176 4336 poe-

820 4359 1198 4434 nitentiam
1265 4361 1796 4455 suscipiendam
1836 4348 1954 4451 (⁴):
2008 4359 2172 4433 ideo
2235 4360 2413 4433 dixit
2477 4360 2804 4435 Christus
2873 4361 3173 4456 leprosis

941 4545 998 4608 (⁸)
1031 4546 1081 4596 S·
1115 4559 1146 4596 Θ
1178 4545 1240 4595 13.
1274 4547 1435 4609 prius·
2156 4546 2212 4608 (²)
2244 4548 2306 4597 E.
2339 4548 2627 4598 secundum
2659 4553 2996 4611 praeceptum.

945 4620 998 4684 (⁸)
1030 4622 1261 4685 B.mper
1277 4629 1481 4685 portam
1499 4624 1610 4675 veri
1627 4624 1845 4688 paradisi
1862 4627 2056 4673 tenens.
2153 4623 2207 4685 (⁸)
2243 4628 2333 4674 11⁷
2350 4637 2380 4676 e
2401 4625 2463 4675 Ε.
2480 4624 2750 4675 humiliter
2771 4625 3170 4688 suscipiendam.
