3704 5559
1208 471 1482 525 CANTUS
1533 471 1845 526 mzcmus
1896 473 2151 526 NONUS.
2711 463 2849 529 503

506 619 666 693 eius
718 618 945 712 foetet,
1002 636 1217 691 nares
1268 616 1528 708 fluunt,
1566 616 1759 689 oculi
1811 617 2338 712 lacrymantur,
2374 618 2524 692 imo
2576 621 2852 694 evomit

508 739 785 831 vinum,
840 737 1146 811 effundit
1196 756 1587 811 venenum.
1627 736 1958 822 Quantus
1994 738 2082 810 sit
2117 738 2333 812 foetor
2369 740 2682 814 luxuriae
2718 744 2854 817 foe-

506 859 685 934 dum
740 865 848 932 est
899 858 1166 932 dicere.

656 985 737 1051 Io
788 983 982 1052 volsi.
1036 980 1178 1051 Ista
1214 985 1322 1051 est
1356 977 1675 1051 secunda
1712 999 1881 1072 pars
1918 979 2304 1073 generalis,
2341 980 2415 1052 in
2451 1004 2599 1075 qua
2634 991 2847 1077 poeta

510 1106 773 1174 tractat
822 1098 913 1173 de
962 1098 1261 1172 introitu
1314 1096 1406 1169 ad
1458 1097 1796 1189 quintum
1851 1097 2239 1190 circulum,
2291 1105 2366 1172 et
2413 1103 2852 1197 purgatione

511 1238 644 1291 sua
696 1218 884 1292 facta
936 1239 1066 1312 per
1116 1216 1483 1312 angelum.
1521 1217 1610 1289 Et
1649 1216 1889 1311 primo
1931 1217 2242 1291 ostendit
2283 1222 2656 1310 quomodo
2690 1224 2854 1295 Vir-

511 1338 726 1433 gilius
779 1337 1106 1411 invitavit
1137 1332 1209 1428 (¹)
1266 1356 1439 1409 eum
1494 1335 1585 1408 ad
1638 1336 2183 1430 procedendum
2235 1338 2309 1410 in
2359 1339 2477 1413 via
2531 1362 2688 1433 sua,
2741 1342 2853 1415 di-

512 1479 721 1533 cens:
776 1464 856 1530 Io
910 1462 1084 1530 volsa·
1130 1460 1230 1547 qli
1277 1459 1468 1528 occln‘
1515 1460 1592 1529 al
1638 1458 1820 1529 buon
1873 1465 2226 1551 maestr05
2284 1480 2373 1533 ac
2424 1461 2482 1533 si
2534 1461 2852 1536 diceret:

511 1578 685 1672 quid
738 1585 962 1653 restat
1012 1576 1428 1673 agendum?
1478 1598 1515 1647 e
1564 1584 1851 1666 mentre,
1890 1577 2092 1668 idest,
2132 1578 2421 1652 interim
2469 1602 2643 1655 cum
2697 1584 2857 1656 vol-

513 1718 768 1771 verem
821 1697 1095 1790 ocuIOS,
1149 1717 1337 1785 voce,
1390 1695 1658 1770 scilicet
1709 1695 2007 1791 Virgilii,
2061 1697 2259 1770 venit
2325 1699 2416 1773 ad
2472 1722 2616 1794 me,
2667 1723 2859 1775 come

514 1819 806 1889 dices-se:
839 1819 1063 1906 suryi,
1100 1817 1273 1909 quia
1323 1816 1496 1888 satis
1542 1815 1896 1908 dormisti,
1935 1822 2009 1889 et
2043 1818 2531 1913 phantasiasti,
2571 1843 2608 1892 e
2648 1825 2851 1916 vieni,

514 1941 815 2009 troviam
866 1941 938 2009 la
975 1944 1222 2027 porta,
1276 1935 1443 2009 novi
1495 1935 1772 2028 circuli,
1812 1958 1948 2028 per
2005 1940 2078 2009 la
2144 1941 2314 2028 qual
2375 1947 2445 2011 tu
2505 1949 2715 2014 entre.
2770 1942 2858 2015 Et

515 2056 861 2131 continuo
898 2055 1124 2151 tangit
1160 2077 1373 2130 suam
1409 2055 1897 2129 obedientiam
1943 2076 2114 2128 cum
2150 2056 2631 2153 descriptione
2668 2068 2858 2134 tem-

516 2176 734 2270 poriS,
786 2177 1068 2249 dicens:
1120 2197 1203 2247 su
1254 2178 1349 2247 mi
1399 2178 1602 2265 tevai,
1653 2179 1710 2246 ε’
1737 2179 1951 2266 yiron
2011 2179 2099 2248 de
2160 2179 2205 2249 l'
2232 2181 2373 2250 alto
2426 2187 2677 2269 monte,
2731 2181 2857 2273 qui

518 2295 745 2369 tendit
797 2317 1033 2388 usque
1083 2295 1175 2370 ad
1226 2297 1525 2389 coelum,
1561 2316 1738 2367 eran
1787 2286 1911 2385 9ἰὰ
1948 2299 2137 2387 pieni
2168 2299 2324 2369 dell’
2350 2301 2536 2370 altro
2587 2292 2685 2389 di,
2721 2300 2859 2373 sci-

518 2415 686 2489 licet
737 2416 973 2508 terti0,
1027 2416 1235 2508 quasi
1286 2415 1513 2488 dicat:
1567 2435 1826 2488 omnes
1879 2414 2131 2488 circuli
2187 2418 2595 2511 purgatorii
2647 2427 2858 2494 erant

515 2535 666 2630 jam
719 2535 1097 2608 illuminati
1155 2555 1345 2608 novo
1396 2535 1569 2608 sole.
1629 2534 1828 2609 Unde
1863 2534 2068 2608 dicit:
2108 2543 2172 2607 et
2202 2541 2565 2610 andavam
2606 2542 2718 2611 col
2754 2543 2864 2611 sol

518 2677 749 2729 nuovo
799 2659 934 2727 alle
980 2657 1161 2746 reni,
1197 2655 1371 2748 quia
1413 2662 1589 2727 tunc
1625 2662 1837 2729 erant
1871 2656 2202 2729 conversi
2239 2656 2331 2729 ad
2367 2659 2860 2753 occidentem3

522 2782 597 2849 et
632 2776 786 2849 haec
819 2783 927 2849 est
962 2775 1174 2850 tertia
1208 2775 1360 2850 dies
1396 2783 1782 2869 postquam
1821 2775 2284 2850 intraverunt
2317 2781 2854 2874 purgatorium.

522 2894 609 2966 Et
659 2893 901 2967 subdit
951 2914 1163 2967 suam
1215 2895 1755 2989 dispositionem
1793 2895 1864 2967 in
1902 2896 2037 2969 ista
2071 2895 2188 2969 via
2227 2917 2359 2990 per
2397 2918 2620 2970 unam
2659 2919 2866 2972 com-

523 3014 975 3109 parationem
1019 3014 1494 3089 domesticam
1549 3023 1623 3089 et
1673 3015 1971 3108 claram,
2008 3016 2291 3089 dicens:
2347 3021 2692 3107 sequendo
2744 3022 2864 3112 lui,

523 3135 801 3209 bonum
869 3134 1159 3225 ducem,
1209 3141 1524 3225 por-lava
1595 3138 1666 3206 la
1746 3139 1888 3206 mia
1951 3139 2210 3228 fronte,
2272 3136 2699 3211 incurvatus
2773 3139 2864 3212 ad

525 3264 825 3347 terram,
878 3275 1068 3325 come
1126 3251 1307 3326 colui
1367 3256 1484 3325 che
1549 3257 1593 3325 l'
1620 3256 1715 3324 Ιια
1778 3258 1854 3327 di
1917 3259 2199 3346 pem-ier
2266 3276 2522 3349 carca;
2598 3278 2868 3352 magna

526 3374 722 3448 enim
793 3378 866 3446 et
932 3373 1135 3446 fortis
1212 3393 1394 3447 cura
1469 3374 1826 3468 gravabat
1902 3381 2228 3448 mentem
2305 3396 2519 3449 suam
2571 3384 2867 3471 propter

525 3493 721 3566 illam
780 3493 1184 3567 mirabilem
1240 3493 1639 3585 visionem3
1695 3493 1858 3566 ideo
1917 3494 2124 3567 dicit:
2189 3496 2308 3567 che
2357 3496 2443 3586 sa
2506 3498 2582 3567 di
2640 3519 2714 3568 se
2772 3518 2868 3569 un

526 3637 768 3687 mezzo
819 3635 991 3686 arco
1041 3617 1117 3686 di
1157 3621 1393 3708 ponte,
1446 3613 1572 3705 qui
1601 3604 1673 3704 (²)
1715 3614 2051 3686 incurvat
2102 3635 2181 3687 se
2208 3604 2281 3704 (³)
2322 3634 2411 3688 eo
2448 3615 2666 3688 modo
2718 3636 2875 3710 quo,

529 3736 929 3809 semiarcus
981 3735 1134 3807 sive
1186 3733 1567 3807 semivolta
1619 3733 1855 3827 pontis
1890 3732 2146 3827 lapidei
2186 3755 2408 3826 supra
2443 3734 2739 3807 flumen.
2769 3774 2867 3787 —

540 3855 853 3940 Quando,
909 3850 1038 3923 Hic
1089 3859 1303 3944 poeta
1338 3852 1538 3944 ponit
1579 3851 1951 3946 quomodo
1995 3851 2213 3926 fuerit
2247 3852 2566 3926 directus
2599 3855 2693 3927 ab
2732 3876 2870 3929 an-

529 3972 717 4066 gelo,
770 3969 1049 4043 dicens:
1106 3969 1207 4041 sic
1259 3991 1439 4067 ergo
1490 3971 1708 4065 ibam,
1757 3975 2016 4063 quand’
2042 3974 2112 4042 io
2150 3973 2292 4043 udi'
2311 3976 2636 4063 parlare,
2679 3974 2872 4047 scili-

531 4095 669 4182 cet,
722 4089 815 4161 ab
865 4087 1150 4183 angelo,
1188 4093 1429 4179 venite,
1466 4093 1585 4181 qui
1631 4094 1694 4161 si
1741 4113 1989 4182 varca,
2032 4091 2236 4185 idest,
2290 4091 2405 4164 hic
2459 4098 2568 4165 est
2618 4113 2872 4186 passus

531 4209 623 4281 ad
656 4208 881 4282 alium
918 4208 1301 4302 circulum,
1329 4212 1403 4280 in
1437 4212 1646 4282 modo
1679 4231 1893 4283 soave
1926 4234 1963 4283 e
1997 4212 2318 4302 beniyno,
2346 4212 2517 4304 quia
2546 4233 2691 4285 vox
2729 4234 2874 4286 non

532 4333 693 4401 erat
742 4329 1091 4422 bumana,
1130 4328 1289 4402 ideo
1324 4328 1531 4402 dicit:
1570 4334 1740 4420 qual
1768 4352 1913 4402 non
1961 4334 2024 4403 si
2068 4340 2257 4405 sente
2294 4336 2369 4405 in
2404 4340 2643 4424 questa
2678 4355 2874 4405 mor-

657 4514 712 4574 (¹)
744 4512 804 4561 E.
837 4514 1129 4565 invitaverit
1160 4528 1299 4565 eum.
1783 4515 1839 4579 (ἱ)
1870 4517 1932 4566 Ε.
1965 4520 2084 4580 quia
2118 4519 2372 4569 incurvat.

658 4589 710 4652 (⁸)
745 4595 854 4650 11⁷,
887 4604 942 4641 se
974 4593 1237 4655 quomodo
1268 4594 1563 4643 semiarcus.
