3704 5559
1146 533 1422 587 CANTUS
1475 532 1791 588 DECIMUS
1842 533 2207 587 SEPTIMUS.
2707 524 2849 588 455

509 683 747 779 ipsum
797 681 1051 753 lumen
1103 677 1197 751 ad
1249 678 1622 754 hominem
1661 679 1817 754 sine
1859 679 2098 753 medio
2138 679 2342 773 coe1i3
2380 681 2586 774 quasi
2623 680 2847 755 dicat:

505 805 662 876 haec
713 800 873 874 talis
924 797 1348 894 imaginatio
1403 807 1743 874 movetur
1795 822 1837 874 a
1908 801 2185 875 coelesti
2244 800 2522 875 lumine
2587 822 2718 896 per
2772 822 2854 875 se

505 922 846 1013 formato,
900 919 1014 993 vel
1067 938 1112 991 a
1165 917 1317 992 Deo
1367 919 1814 993 transmisso.
1871 920 1958 992 Et
2017 920 2133 994 hic
2197 928 2369 995 nota
2430 921 2626 1013 quod
2685 920 2862 995 licet

505 1048 723 1138 poeta
772 1040 1065 1136 legisset
1106 1058 1299 1132 saepe
1333 1038 1424 1113 de
1465 1047 1615 1112 tam
1654 1040 1819 1113 forti
1861 1040 2377 1136 imaginatione
2412 1040 2485 1113 in
2528 1040 2861 1135 Socrate,

512 1160 954 1254 Democrito,
1008 1158 1405 1251 Carneade,
1459 1166 1532 1233 et
1594 1159 1751 1233 aliis
1814 1160 2085 1254 multiS,
2138 1166 2384 1234 tamen
2446 1161 2521 1233 in
2570 1181 2651 1236 se
2703 1162 2863 1256 ipso

516 1283 755 1356 fuerat
807 1274 1237 1354 mirabiliter
1290 1286 1657 1374 expertus,
1724 1280 2003 1354 Accidit
2059 1280 2254 1354 enim
2317 1283 2546 1356 semel
2598 1282 2732 1355 sibi
2782 1282 2859 1355 in

514 1402 806 1476 civitate
858 1400 1245 1493 Senarum,
1282 1406 1573 1473 ostenso
1607 1399 1739 1472 sibi
1782 1400 2023 1473 libello
2059 1400 2338 1474 famoso
2374 1420 2510 1475 nec
2543 1401 2859 1495 amplius

512 1522 670 1597 viso
721 1541 854 1616 per
907 1521 1167 1616 ipsum,
1204 1541 1375 1594 cum
1414 1541 1561 1592 non
1611 1527 1855 1615 posset
1908 1521 2180 1596 habere
2227 1523 2685 1597 commodius
2731 1544 2859 1598 co-

516 1641 709 1736 piam
759 1641 852 1716 de
902 1661 1014 1734 eo,
1065 1640 1368 1714 adhaesit
1431 1661 1601 1713 cum
1666 1647 1962 1734 pectore
2022 1642 2256 1715 banco
2311 1643 2529 1716 unius
2581 1645 2857 1739 specia-

519 1763 627 1856 rii,
690 1768 764 1836 et
828 1782 997 1835 cum
1063 1766 1264 1834 tanta
1329 1760 1728 1836 attentione
1785 1762 2152 1855 percurrit
2203 1762 2530 1838 libellum
2583 1771 2849 1859 totum,

518 1881 909 1975 persistens
956 1881 1147 1954 fixus
1182 1880 1338 1954 sine
1375 1886 1578 1953 motu
1617 1881 2007 1954 oculorum
2044 1882 2138 1955 ab
2175 1884 2358 1956 hora
2393 1903 2586 1958 nona
2622 1905 2861 1978 usque

516 2002 608 2078 ad
661 2021 1069 2095 vesperam,
1123 1999 1319 2093 quod
1375 1999 1546 2073 nihil
1597 2001 2051 2075 extrinsecus
2091 2002 2335 2095 sensit,
2383 2023 2555 2076 cum
2608 2010 2858 2079 tamen

520 2122 734 2197 fieret
783 2121 879 2194 ihi
930 2141 1159 2216 prope
1206 2120 1475 2195 festum
1530 2121 1855 2216 nuptiale
1888 2141 2060 2196 cum
2097 2123 2493 2218 plausihuS,
2529 2125 2863 2199 cantibus

521 2249 597 2317 et
631 2241 844 2316 soniS.
875 2243 960 2314 Et
994 2241 1489 2337 interrogatus
1524 2241 1896 2335 quomodo
1932 2249 2274 2336 potuerat
2306 2263 2387 2317 se
2419 2243 2865 2319 continuisse

523 2382 617 2436 ne
671 2360 1063 2456 respiceret
1113 2366 1263 2434 tam
1317 2360 1608 2434 celebre
1659 2359 1955 2451 festum,
1996 2360 2118 2434 ubi
2162 2372 2324 2438 erat
2373 2361 2620 2437 suavis
2653 2382 2864 2457 aspe-

523 2489 685 2556 ctus
739 2487 843 2555 tot
892 2480 1290 2555 mulierum
1347 2481 1790 2575 senensium,
1828 2487 1902 2555 et
1941 2481 2171 2555 dulcis
2222 2482 2535 2556 melodia
2595 2489 2702 2556 tot
2753 2482 2864 2554 in-

525 2607 1109 2675 strumentorum
1149 2599 1628 2694 musicorum,
1660 2599 2026 2694 respondit
2061 2621 2141 2675 se
2177 2601 2350 2674 nihil
2388 2602 2729 2675 sensisse:
2766 2621 2856 2675 ex

526 2742 676 2816 quo
726 2727 888 2816 post
938 2720 1250 2816 primam
1306 2719 1867 2795 admirationem
1922 2740 2267 2817 magnam
2311 2726 2560 2795 secuta
2603 2727 2712 2795 est
2746 2740 2866 2796 se-

524 2840 763 2915 cunda
815 2841 1076 2935 maior,
1128 2860 1299 2914 cum
1354 2839 1507 2934 ipse
1540 2846 1732 2914 esset
1767 2840 2199 2914 naturaliter
2230 2846 2520 2914 amator
2566 2860 2866 2915 amoro-

524 2981 779 3035 sorum
831 2968 1209 3035 cantuum.
1237 2964 1538 3033 —Dell'
1565 2963 1943 3052 empiezza.
2006 2961 2216 3035 Nunc
2277 2967 2494 3054 poeta
2552 2960 2865 3035 ostendit

522 3101 654 3177 per
706 3079 845 3154 tria
897 3081 1234 3176 exempla
1287 3080 1600 3174 qualiter
1651 3081 1726 3153 in
1776 3080 1943 3153 forti
1995 3080 2517 3177 imaginatione
2567 3101 2701 3154 sua
2754 3081 2863 3155 vi-

521 3200 710 3276 derit
760 3207 911 3274 tres
961 3199 1266 3275 effectus
1301 3200 1453 3294 irae,
1502 3221 1733 3273 unum
1788 3201 2094 3294 malum,
2138 3199 2456 3274 alterum
2513 3200 2865 3295 peiorem,

525 3320 825 3393 tertium
878 3320 1301 3415 pessimum.
1356 3320 1462 3394 De
1514 3340 1837 3413 quorum
1879 3320 2118 3415 primo
2142 3320 2298 3414 jam
2344 3321 2558 3414 plene
2590 3319 2867 3395 dictum

528 3446 637 3515 est
687 3461 910 3535 supra
970 3439 1289 3535 capitulo
1340 3440 1459 3534 IX,
1514 3440 1827 3533 qualiter
1895 3440 2004 3515 ira
2072 3440 2282 3538 ignea
2351 3440 2640 3537 impulit
2707 3461 2869 3516 ma-

528 3569 718 3636 trem
754 3560 848 3634 ad
882 3560 1295 3635 necandum
1345 3559 1604 3652 filium,
1646 3580 1869 3653 quem
1914 3561 2202 3636 tradidit
2242 3562 2687 3655 epulandum
2736 3582 2870 3655 pa—

528 3681 658 3773 tri;
694 3679 822 3755 sed
858 3686 933 3754 et
964 3680 1231 3754 Atreus
1264 3679 1554 3777 Thyesti
1607 3680 1813 3753 fratri
1855 3679 2066 3753 simili
2104 3680 2323 3754 modo
2358 3680 2649 3754 tradidit
2681 3678 2865 3755 filios

530 3800 723 3873 illius
748 3797 1126 3895 jugulatos
1158 3798 1253 3873 ad
1287 3800 1756 3875 vescendum.
1786 3801 1875 3873 Et
1909 3800 2401 3878 Ptholomaeus
2436 3800 2721 3895 Phyton
2753 3799 2867 3873 in-

530 3918 834 3993 terfecto
885 3916 1031 3992 filio
1067 3917 1258 3992 misit
1291 3920 1793 3997 extremitates
1825 3918 2227 4013 Cleopatrae
2268 3917 2486 3992 uxori
2526 3924 2600 3992 et
2632 3918 2868 3993 sorori

531 4059 708 4133 suae,
761 4058 985 4132 quam
1040 4039 1423 4133 expulerat
1473 4044 1771 4132 accepta
1822 4037 1982 4112 eius
2033 4037 2177 4112 filia
2213 4036 2284 4110 in
2323 4057 2659 4112 uxorem.
2695 4036 2870 4111 Abi-

531 4157 817 4232 melech
866 4157 1087 4232 etiam
1139 4158 1533 4233 trucidavit
1567 4156 2028 4253 septuaginta
2068 4156 2330 4231 fratres
2380 4175 2554 4230 suos
2604 4161 2872 4251 praeter

529 4298 762 4351 unum
819 4278 944 4372 qui
996 4277 1248 4354 evasit.
1302 4279 1651 4353 Omnium
1701 4284 1956 4352 autem
1988 4268 2063 4370 (⁴)
2106 4276 2654 4353 crudelissimus
2691 4277 2872 4352 Fra-

528 4399 735 4473 hates
805 4417 937 4472 rex
1010 4399 1471 4494 parthorum,
1524 4397 1649 4490 qui
1721 4396 2082 4472 interfecit
2153 4402 2462 4493 patrem,
2528 4404 2866 4492 matrem,

652 4584 709 4648 (¹)
743 4588 851 4647 11⁷,
885 4587 1063 4636 autem
1094 4585 1427 4637 crudelitates
1457 4586 1676 4636 excessit
1696 4583 1948 4635 Prahates
1978 4598 2087 4635 rex.
2105 4610 2167 4622 --
2184 4583 2247 4634 B.
2278 4587 2451 4634 autem
2485 4580 2871 4633 crudelissimus

527 4661 625 4713 fuit
656 4655 915 4712 trahere·
944 4661 1183 4713 rex—S.
1218 4666 1393 4713 nutem
1425 4660 1813 4711 crudelissimus
1845 4659 1944 4711 fult
1976 4659 2141 4711 frater
2169 4658 2400 4711 Achates
2430 4670 2539 4709 rex.
