3704 5559
1310 554 1586 608 CANTUs
1637 552 2042 607 VIGESIMUs.
2705 540 2840 607 531

494 708 854 796 ventrem,
907 702 1008 775 ita
1059 701 1257 795 quod
1308 700 1474 774 fecit
1526 699 1692 772 inde
1743 697 1950 772 exire
1999 696 2338 770 intestina
2393 695 2659 789 vitalia,
2705 697 2847 771 sci-

492 822 679 916 licet,
731 822 1138 917 praecipuos
1188 821 1406 914 cives,
1444 821 1533 894 de
1588 839 1913 913 quorum
1953 836 2267 890 numero
2304 816 2439 889 fuit
2479 816 2615 890 iste
2650 838 2846 910 prae-

492 943 735 1014 clarus
785 946 1021 1035 poeta.
1061 940 1228 1016 Ideo
1279 940 1470 1014 bene
1521 939 1735 1012 solvit
1784 938 1920 1011 sibi
1961 937 2098 1010 hic.
2165 937 2369 1009 Unde
2434 935 2527 1009 ad
2572 957 2846 1033 exage-

497 1060 809 1134 randum
888 1061 1163 1134 factum
1232 1060 1439 1133 dicit:
1496 1060 1759 1150 quincii,
1831 1077 1928 1131 ex
1991 1056 2124 1129 ista
2198 1055 2629 1149 proditione,
2699 1076 2846 1127 non

497 1172 964 1271 quadaynerd
1016 1188 1209 1252 terra
1254 1200 1387 1271 per
1452 1201 1550 1269 se,
1611 1177 1784 1270 quia
1837 1176 1896 1249 si
1952 1175 2241 1249 volebat
2291 1175 2545 1248 fallere
2597 1174 2845 1267 fidem,

499 1300 806 1375 debebat
835 1321 1099 1395 capere
1125 1300 1259 1373 sibi
1297 1300 1492 1371 illam
1521 1295 2108 1371 florentissimam
2147 1300 2449 1388 terram,
2481 1299 2555 1369 et
2591 1314 2739 1367 non
2768 1287 2843 1384 (¹)

500 1419 757 1493 Cursio
823 1420 916 1493 de
977 1419 1295 1511 DonatiS,
1365 1438 1485 1488 ma
1531 1423 1822 1507 peccato
1872 1421 1938 1486 et
1984 1420 2178 1503 outa,
2231 1412 2406 1507 quia
2465 1413 2705 1487 Deum
2776 1422 2851 1488 et

503 1539 771 1613 multos
830 1539 1162 1613 homines
1213 1535 1528 1611 offendit.
1586 1535 1672 1606 Et
1721 1533 1928 1607 dicit:
1985 1540 2175 1606 tanto
2229 1530 2353 1625 pit)
2402 1554 2653 1625 grave,
2706 1533 2846 1607 sci-

499 1659 687 1752 licet,
759 1666 1163 1753 peccatum,
1227 1664 1485 1747 quanto
1536 1661 1767 1744 conta,
1820 1654 2024 1746 idest,
2082 1661 2376 1748 reputat
2428 1674 2612 1747 esse,
2664 1657 2853 1727 simil

496 1781 762 1869 danno,
833 1778 1121 1869 scilicet,
1199 1775 1478 1866 Siciliae,
1522 1768 1649 1865 pi&
1707 1777 1900 1865 heve,
1959 1772 2252 1866 scilicet,
2307 1781 2715 1867 peccatum.
2746 1814 2846 1825 —

501 1901 806 1971 L'altrO.
863 1896 990 1969 Hic
1041 1896 1256 1989 Hugo
1301 1893 1531 1990 tangit
1584 1893 2075 1966 temeritatem
2131 1899 2205 1965 et
2256 1893 2607 1966 vilitatem
2660 1895 2848 1967 alte-

504 2017 652 2090 rius
715 2015 951 2090 Caroli
1001 2015 1315 2109 junioris
1344 2005 1442 2106 (²),
1515 2012 1638 2106 qui
1711 2012 1845 2085 fuit
1905 2012 2438 2108 primogenitus
2503 2014 2742 2088 Caroli
2794 2017 2865 2108 1,-

500 2135 697 2209 unde
746 2140 1055 2208 vocatur
1104 2134 1410 2208 Carolus
1444 2134 1523 2204 11.
1578 2132 1666 2204 Et
1714 2131 1806 2205 ad
1854 2131 2421 2205 declarationem
2466 2133 2697 2206 literae
2737 2140 2847 2206 est

502 2252 902 2346 sciendum,
946 2253 1141 2346 quod
1191 2253 1370 2325 dum
1423 2253 1728 2326 Carolus
1759 2240 1835 2342 (³)
1872 2256 2079 2344 pater
2122 2250 2366 2324 ivisset
2416 2251 2489 2323 in
2542 2252 2848 2326 Provin-

505 2372 718 2467 ciam,
757 2373 847 2446 ad
897 2372 1328 2447 armandam
1379 2373 1686 2445 classem
1730 2391 1865 2464 pro
1902 2370 2406 2465 recuperanda
2449 2369 2686 2446 Sicilia
2724 2393 2847 2447 re-

502 2491 693 2584 belli,
768 2492 1127 2588 Rogerius
1202 2493 1294 2565 de
1371 2490 1564 2584 Oria,
1628 2489 2052 2563 admiralius
2131 2489 2324 2583 regis
2395 2490 2588 2563 Petri
2650 2493 2849 2585 peri-

503 2610 825 2684 tissimus
877 2618 951 2686 et
999 2610 1633 2686 victoriosissimus
1685 2610 1760 2681 in
1810 2608 2003 2682 bello
2056 2608 2320 2700 navali,
2359 2628 2529 2681 cum
2579 2631 2847 2704 magna

506 2729 735 2804 classe
801 2730 996 2805 venit
1066 2750 1286 2827 super
1350 2728 1724 2823 Neapolim
1778 2727 1969 2801 intra
2031 2732 2355 2821 portum,
2425 2728 2850 2824 sagiptando

507 2848 695 2922 intra
729 2849 1119 2944 civitatem,
1146 2858 1219 2924 et
1255 2849 1787 2944 exprobrandO,
1819 2853 1902 2919 ut
1936 2847 2235 2921 eliceret
2266 2847 2612 2921 Carolum
2649 2849 2852 2943 prin-

506 2968 739 3062 cipem
791 2970 884 3042 ad
934 2989 1279 3063 pugnam.
1329 2968 1765 3040 Praesciebat
1800 2966 1997 3039 enim
2034 2972 2414 3059 tamquam
2453 2967 2853 3063 vigilantis-

504 3088 734 3160 simus
784 3089 958 3181 dux,
997 3087 1193 3181 quod
1248 3108 1378 3161 rex
1421 3088 1727 3161 Carolus
1762 3107 1939 3160 cum
1976 3107 2248 3182 magna
2280 3087 2510 3160 classe
2563 3089 2848 3164 rediens

504 3207 595 3281 de
645 3208 1024 3282 Provincia
1065 3208 1223 3301 jam
1276 3213 1436 3281 erat
1487 3208 1560 3279 in
1613 3206 1801 3280 mari
1848 3206 2122 3299 pisano.
2161 3205 2363 3279 Sicut
2414 3228 2595 3303 ergo
2646 3216 2853 3304 pete-

506 3326 632 3399 bat
682 3333 756 3399 et
806 3328 1100 3421 optabat
1139 3327 1435 3420 juvenis
1487 3325 1941 3419 improvidus
1993 3333 2069 3399 et
2118 3326 2417 3420 caliduS,
2454 3346 2625 3400 cum
2678 3350 2853 3423 pro-

506 3444 797 3518 ceribus
848 3451 920 3519 et
972 3445 1170 3518 omni
1228 3445 1500 3538 militia,
1553 3444 1954 3519 ascendens
2007 3444 2254 3519 navim
2307 3446 2532 3520 exivit
2599 3456 2857 3524 contra

506 3563 927 3659 Rogerium.
982 3564 1341 3661 Rogerius
1391 3563 1901 3659 sagacissimus
1956 3564 2327 3639 mandavit
2377 3565 2551 3659 suiS,
2590 3572 2857 3642 utnon

506 3682 962 3758 intenderent
1012 3683 1105 3757 ad
1156 3684 1742 3778 persecutionem
1798 3683 2263 3778 fugientium,
2300 3684 2427 3758 sed
2478 3686 2718 3758 solum
2762 3687 2856 3760 ad

508 3802 821 3896 galeam,
889 3802 1015 3874 ubi
1083 3808 1242 3876 erat
1304 3804 1553 3897 regale
1614 3803 1930 3898 signum.
1983 3804 2145 3890 Quo
2215 3804 2429 3896 facto,
2481 3804 2556 3876 in
2616 3807 2855 3900 primo

509 3939 906 4014 congressu
961 3920 1153 4014 belli,
1207 3920 1455 3993 multis
1506 3921 1813 3995 navibus
1855 3921 2149 4015 juvenis
2190 3921 2660 4019 fugientibuS,
2703 3926 2859 4021 ipse

510 4059 684 4113 cum
735 4040 886 4112 suis
937 4040 1366 4135 proceribus
1418 4041 1791 4114 inutilibus
1833 4041 2073 4115 navali
2117 4042 2523 4136 certamini,
2560 4050 2712 4118 tam
2750 4046 2858 4120 fa-

508 4158 736 4232 ciliter
790 4179 1012 4252 quam
1066 4159 1404 4233 celeriter
1456 4159 1861 4235 debellatus
1914 4166 1986 4234 et
2039 4167 2294 4256 captus
2335 4168 2445 4236 est
2490 4184 2664 4238 cum
2715 4186 2854 4240 no-

509 4298 678 4352 vem
731 4277 1039 4351 navibus
1091 4277 1343 4374 longis
1381 4279 1467 4351 Et
1501 4279 1766 4353 ductus
1799 4282 2206 4355 Messanam
2248 4281 2323 4354 in
2365 4282 2680 4358 Siciliam
2728 4284 2855 4359 ubi

509 4398 897 4492 plusquam
949 4397 1245 4472 ducenti
1312 4418 1407 4473 ex
1465 4400 1617 4472 suis
1682 4400 2045 4474 nobilibus
2097 4401 2339 4498 gladio
2393 4411 2565 4477 sunt
2613 4405 2854 4479 necati

633 4654 690 4718 (⁸)
723 4654 784 4704 Ε.
818 4659 872 4704 et
902 4668 1005 4705 non
1038 4655 1244 4706 tradere
1274 4654 1470 4707 Cui-sio.
1597 4656 1650 4718 (¹)
1686 4655 1736 4707 S.
1767 4657 1974 4721 prioris.
2102 4656 2155 4721 (⁸)
2187 4657 2247 4708 Ε.
2282 4657 2498 4709 Carolus
2529 4657 2637 4721 ipso
2667 4659 2854 4716 ivisset.
