3704 5559
809 476 949 542 218
1526 484 1934 538 coMEN'rUM
1985 482 2420 536 PURGAToRn

807 863 1137 932 CANTUS
1196 861 1605 940 OCTAVUS,
1654 862 1726 925 in
1779 881 1900 943 quo
1953 865 2187 926 tractat
2248 861 2324 926 de
2382 860 2632 937 eisdem,
2695 866 2754 924 et
2811 861 2972 924 sicut
3025 859 3146 924 duo

959 978 1172 1061 anyeli
1239 975 1667 1042 custodiebant
1726 974 1953 1039 vallem
2018 973 2200 1038 illam
2268 995 2311 1037 a
2379 972 2651 1055 quodam
2709 977 3026 1054 semema,-
3088 976 3191 1037 et·

951 1095 1179 1171 postea
1234 1089 1395 1154 sicut
1457 1107 1593 1153 cum
1636 1086 1856 1168 judice
1912 1085 2105 1163 Nin0,
2155 1090 2214 1150 ct
2267 1105 2404 1150 cum
2453 1082 2737 1149 Gon-rado
2792 1084 3148 1149 marchione

961 1201 1038 1266 de
1082 1198 1478 1280 Mala-spinis
1522 1197 1761 1262 locutus
1808 1202 1900 1261 est
1943 1196 2144 1261 multa
2184 1200 2471 1261 ventura.

954 1493 1128 1659 E
1137 1609 1224 1658 ru
1276 1577 1398 1678 yid
1448 1589 1638 1658 l'ora
1688 1587 1808 1657 che
1860 1587 2056 1675 volye
2086 1586 2141 1656 it
2167 1586 2364 1656 disio.
2419 1584 2814 1676 Postquam
2852 1582 2921 1654 in
2965 1600 3153 1676 prae-

808 1707 1092 1782 cedenti
1145 1706 1461 1800 capitulo
1513 1703 1872 1799 superiori
1923 1714 2138 1799 poeta
2199 1709 2448 1776 noster
2513 1701 2850 1776 tractavit
2901 1708 2975 1775 et
3023 1701 3150 1775 de-

811 1827 1232 1902 terminavit
1283 1826 1376 1899 de
1427 1824 1682 1918 quinta
1732 1822 1972 1917 specie
2006 1821 2595 1918 postponentium
2649 1820 3147 1916 poenitentiam

810 1947 1292 2041 occupatione
1318 1944 1751 2040 dignitatum
1792 1950 1867 2017 et
1903 1949 2342 2036 potestatum
2372 1942 2925 2036 temporalium3
2958 1962 3152 2015 nunc

811 2070 1349 2157 consequenter
1383 2064 1455 2136 in
1494 2064 1628 2137 isto
1662 2063 1812 2135 VIII
1846 2063 2164 2156 capitulo
2198 2063 2345 2158 agit
2381 2069 2456 2136 et
2490 2068 2754 2135 tractat
2788 2063 2879 2136 de
2914 2063 3154 2155 dispo—

816 2185 1075 2259 sitione
1125 2184 1483 2257 dictarum
1538 2182 1981 2275 animarum,
2018 2189 2092 2256 et
2136 2188 2536 2276 pertractat
2566 2175 2636 2273 (¹)
2682 2182 2925 2275 aliqua
2968 2202 3157 2276 prae-

813 2305 1113 2378 ambula
1164 2303 1436 2398 praevia
1486 2302 1578 2377 ad
1630 2322 1891 2376 verum
1947 2303 2458 2398 purgatorium
2513 2301 2605 2374 ad
2656 2302 2851 2395 quod
2887 2322 3154 2395 appro-

753 2446 767 2460 ·
815 2423 1189 2519 pinquant.
1244 2425 1331 2500 Et
1384 2429 1618 2497 totum
1672 2422 1863 2495 istud
1915 2423 2316 2516 capitulum
2369 2422 2657 2496 videtur
2694 2443 2905 2516 posse
2938 2423 3152 2496 dividi

815 2545 892 2617 in
919 2549 1091 2618 tres
1141 2551 1384 2638 partes
1434 2544 1855 2640 generales:
1894 2542 1967 2615 in
2005 2542 2238 2637 prima
2275 2564 2594 2636 quarum
2632 2550 2843 2635 poeta
2883 2540 3157 2615 descri-

818 2664 921 2737 bit
971 2663 1381 2737 orationem
1434 2663 1741 2736 istarum
1796 2664 2213 2736 animarum
2270 2663 2661 2735 illustrium
2702 2668 2777 2736 et
2810 2661 3156 2736 orationis

819 2783 1186 2860 effectum.
1250 2785 1327 2856 ln
1388 2783 1710 2858 secunda
1772 2784 2113 2858 describit
2170 2785 2639 2880 singulariter
2717 2804 2940 2857 unam
3004 2781 3160 2857 ani-

818 2924 1019 2977 mam
1097 2904 1528 2976 modernam
1606 2903 1698 2977 de
1766 2924 2083 2977 numero
2157 2903 2699 2998 praedictarum,
2766 2925 2941 2977 cum
3013 2923 3158 2997 qua

819 3021 1268 3096 familiariter
1333 3022 1681 3114 loquitur,
1734 3021 1877 3095 ibi:
1944 3025 2264 3096 Sordcllo
2331 3043 2622 3094 ancora.
2676 3023 2754 3094 ln
2809 3023 3019 3096 tertia
3088 3028 3163 3096 et

819 3141 1077 3214 ultima
1144 3140 1483 3215 describit
1554 3162 1877 3236 pugnam
1947 3141 2135 3215 inter
2211 3149 2627 3235 serpentem
2698 3142 3157 3215 invadentem

818 3261 1100 3334 animas
1150 3266 1224 3334 et
1274 3261 1575 3355 angelos
1633 3260 2140 3352 defendentes3
2201 3268 2275 3334 et
2325 3261 2665 3334 describit
2722 3261 2940 3335 aliam
3001 3261 3161 3334 ani-

823 3399 1022 3451 mam
1076 3379 1506 3453 modernam
1559 3400 1731 3452 cum
1785 3379 2423 3454 commendatione
2457 3380 2722 3454 domus
2763 3382 2977 3475 illius,
3015 3380 3156 3454 ibi:

828 3500 939 3570 Gli
971 3500 1161 3570 occhi
1206 3502 1380 3571 miei.
1436 3498 1541 3571 Ad
1592 3499 1916 3592 primum
1969 3500 2268 3574 veniens
2309 3501 2495 3593 dico,
2533 3501 2730 3593 quod
2782 3507 2992 3596 poeta
3030 3500 3160 3574 de-

821 3617 1067 3691 scribit
1134 3619 1541 3694 orationem
1611 3620 1903 3693 illarum
1979 3621 2399 3694 animarum
2470 3642 2642 3694 cum
2714 3621 3020 3714 effectu3
3087 3627 3161 3694 et

819 3738 1056 3833 primo
1106 3738 1448 3813 describit
1513 3746 1800 3834 tempus
1867 3761 2017 3834 quo
2082 3740 2269 3813 facta
2338 3746 2447 3813 est
2511 3740 2790 3814 oratio:
2862 3746 2934 3814 et
2980 3741 3162 3814 ¹vult

820 3859 1143 3933 breviter
1193 3859 1438 3933 dicere
1491 3859 1687 3953 quod
1739 3865 1900 3933 erat
1951 3862 2132 3933 hora
2178 3859 2407 3953 tarda,
2450 3881 2618 3954 quae
2660 3860 2890 3955 tangit
2939 3860 3159 3934 corda

821 3979 1322 4074 navigantium
1393 3988 1466 4054 et
1528 3980 2179 4075 peregrinantium,
2234 3986 2309 4053 et
2374 3979 2541 4052 facit
2602 3999 2728 4053 eos
2795 3978 3163 4053 recordari

821 4096 1139 4170 filiorum
1193 4105 1269 4171 et
1316 4099 1751 4172 amicorum.
1803 4099 1989 4172 Dicit
2028 4118 2255 4194 ergo:
2313 4104 2463 4171 Era
2511 4089 2633 4189 yid
2689 4101 2733 4171 l’
2760 4120 2922 4190 ora,
2977 4099 3167 4172 scili-

824 4223 962 4309 cet,
1016 4237 1183 4291 sero
1234 4219 1494 4311 primae
1544 4218 1724 4311 diei3
1760 4221 1880 4290 che
1916 4221 2113 4308 volye
2144 4221 2198 4290 il
2226 4220 2405 4291 disio
2440 4222 2513 4291 ai
2544 4221 2922 4308 navicanti,
2960 4218 3203 4310 idest,·

825 4335 1133 4408 revolvit
1183 4336 1626 4410 desiderium
1676 4336 1769 4410 ad
1821 4337 2127 4411 familias
2163 4357 2451 4431 eorum,
2488 4358 2672 4431 quas
2708 4337 3166 4430 reliquerunt

950 4588 1006 4649 (¹)
1039 4591 1145 4648 117,
1179 4586 1407 4639 declarat
1439 4589 1626 4653 aliqua.
