3704 5559
1361 511 1637 566 camus
1688 512 2029 567 oc'rAvus.
2729 503 2870 569 219

532 656 754 750 domi,
808 662 884 731 et
933 655 1281 731 dulcescit
1331 676 1460 730 cor
1519 676 1806 751 eorum,
1862 657 2190 732 maxime
2253 657 2370 731 die
2428 658 2663 752 prima
2731 680 2880 753 qua

536 782 1040 868 recesserunt3
1096 776 1288 851 unde
1339 777 1548 850 dicit:
1602 799 1639 849 e
1685 781 2088 850 intenerisce
2135 781 2190 850 il
2236 799 2398 850 core
2441 782 2509 851 lo
2542 772 2617 852 di
2667 783 2878 852 c'lzan

530 900 699 971 dilco
749 900 826 969 ai
876 899 1058 970 dolci
1107 901 1314 969 amici
1361 901 1603 990 addiO,
1656 897 1861 991 idest,
1916 899 2124 991 vale3
2178 904 2250 971 et
2316 899 2511 993 quod
2572 899 2735 973 dico
2787 900 2880 973 de

533 1017 1045 1114 navigantibus
1113 1015 1433 1113 intellige
1495 1016 1587 1091 de
1654 1017 2338 1112 peregrinantibus;
2410 1019 2606 1093 unde
2655 1019 2871 1092 dicit:

530 1159 569 1210 e
617 1140 760 1228 che,
813 1136 1019 1229 idest,
1073 1157 1240 1229 quae
1295 1139 1474 1211 hora
1509 1138 1851 1230 serotina,
1887 1157 2121 1229 punge
2172 1141 2240 1210 lo
2289 1159 2472 1210 novo
2513 1141 2876 1230 pereyrin,

528 1256 731 1349 idest,
770 1256 895 1349 qui
933 1255 1217 1330 noviter
1254 1256 1546 1329 intravit
1580 1277 1916 1352 peregre,
1948 1260 2017 1330 d'
2033 1279 2302 1347 amore,
2341 1258 2632 1352 scilicet,
2661 1280 2875 1334 ama-

527 1383 774 1450 torum
827 1382 1218 1470 parentum
1272 1381 1347 1449 et
1396 1396 1742 1450 carorum
1796 1376 2236 1469 amicorum,
2287 1398 2361 1449 se
2430 1380 2561 1451 ode
2616 1380 2873 1470 squilla

527 1499 626 1569 da
677 1500 992 1586 ῖοηιαηο,
1026 1495 1233 1589 idest,
1268 1495 1327 1567 si
1362 1496 1565 1569 audit
1605 1516 2040 1589 campanam
2090 1498 2503 1591 pulsantem
2556 1518 2602 1570 a
2652 1498 2874 1592 longe

525 1616 617 1690 ad
668 1616 821 1689 Ave
872 1617 1120 1709 Maria,
1171 1619 1316 1705 che,
1368 1615 1571 1709 idest,
1626 1636 1793 1709 quae
1844 1637 2225 1709 campana,
2271 1620 2447 1708 paia
2496 1620 2870 1707 pianyere,

528 1736 731 1829 idest,
798 1737 1133 1810 videatur
1192 1737 1597 1831 deplorare,
1659 1741 1713 1811 il
1765 1741 2023 1828 yiorno
2086 1740 2204 1809 che
2260 1741 2325 1809 si
2381 1757 2602 1827 more,
2663 1738 2871 1830 idest,

526 1856 744 1949 diem,
798 1877 966 1951 quae
1044 1858 1315 1931 recedit
1367 1865 1441 1932 et
1490 1857 1847 1951 declinat3
1902 1860 2015 1931 vel
2078 1857 2215 1951 die,
2278 1859 2421 1946 che,
2490 1857 2691 1950 idest,
2747 1858 2873 1951 qui

527 1998 764 2051 novus
815 1979 1247 2074 peregrinus
1298 1978 1396 2051 ita
1448 1985 1762 2072 punctus
1820 1998 2079 2052 amore
2140 1976 2429 2051 videtur
2481 1978 2866 2071 deplorare

527 2098 721 2191 quod
760 2098 972 2171 nimis
1008 2099 1149 2172 cito
1186 2105 1557 2172 noctescat
1590 2105 1989 2192 antequam
2018 2098 2446 2192 hospitetur.
2475 2099 2663 2172 Talis
2692 2119 2873 2194 ergo

525 2221 710 2293 hora
763 2226 945 2311 erat,
997 2221 1256 2310 quand’
1283 2222 1354 2291 io
1410 2222 1851 2291 incominciai
1908 2240 1955 2290 a
2016 2221 2277 2292 render
2327 2240 2512 2291 vano
2572 2221 2616 2291 l’
2643 2221 2870 2308 udire,

530 2338 819 2431 scilicet,
874 2339 1079 2411 illum
1151 2338 1562 2412 Sordellum
1625 2339 2075 2432 loquentem,
2137 2338 2346 2431 quasi
2406 2339 2616 2431 dicat,
2671 2338 2867 2433 quod

531 2459 771 2532 statim
825 2479 996 2532 cum
1036 2459 1405 2532 Sordellus
1441 2458 1607 2532 fecit
1642 2459 1863 2531 finem
1901 2479 2036 2532 suo
2072 2459 2417 2551 sermoni,
2457 2458 2601 2530 vidi
2639 2479 2862 2531 unam

526 2578 821 2652 illarum
872 2579 1291 2652 animarum
1342 2579 1842 2672 disponentem
1904 2598 1984 2652 se
2044 2577 2138 2653 ad
2187 2578 2638 2670 loquendum
2692 2597 2868 2651 cum

525 2700 718 2794 Deo;
775 2700 971 2774 unde
1019 2699 1235 2773 dicit:
1289 2706 1355 2770 el
1415 2720 1462 2770 a
1527 2701 1783 2788 mirar,
1836 2697 2130 2790 scilicet,
2195 2696 2456 2790 incoepi
2491 2689 2588 2790 (¹),
2649 2699 2692 2768 l’
2720 2716 2867 2768 una

523 2825 899 2911 dell’alme,
927 2821 1130 2914 idest,
1163 2841 1388 2893 unam
1424 2819 1715 2892 illarum
1746 2819 2193 2909 animarum,
2222 2836 2390 2910 quae
2425 2822 2587 2890 erat
2620 2818 2867 2890 anima

513 2942 779 3036 judicis
830 2940 989 3013 Nini
1041 2940 1133 3014 de
1196 2938 1518 3031 Gallum,
1573 2947 1654 3013 ut
1719 2944 1968 3032 postea
2025 2935 2332 3029 dicetur,
2384 2942 2609 3024 sorta,
2663 2934 2869 3027 idest,

524 3063 915 3155 elevatam,
957 3061 1130 3153 quia
1182 3060 1417 3154 primo
1468 3059 1765 3133 sedebat
1827 3079 2000 3132 cum
2061 3056 2240 3151 aliis,
2293 3062 2369 3130 et
2426 3057 2561 3130 ista
2620 3056 2867 3129 anima

526 3181 950 3277 disponebat
1001 3202 1082 3255 se
1120 3180 1214 3253 ad
1249 3180 1638 3272 orandum,
1673 3185 1746 3252 et
1782 3177 2132 3251 invitabat
2163 3176 2343 3251 alias
2377 3176 2469 3249 ad
2505 3176 2866 3250 orandum

527 3322 808 3395 secum,
863 3301 1024 3375 ideo
1076 3299 1495 3395 imponebat
1562 3298 1667 3372 eis
1730 3297 2146 3389 silentium3
2202 3296 2397 3370 unde
2455 3296 2670 3371 dicit:
2724 3299 2870 3387 che,

525 3421 729 3514 idest,
768 3441 936 3514 quae
975 3419 1242 3511 anima,
1281 3422 1324 3490 l'
1343 3421 1652 3490 ascoltar
1683 3419 1963 3490 chiedea
1995 3437 2128 3488 con
2168 3437 2408 3508 marm,
2463 3416 2645 3490 idest
2700 3436 2868 3510 quae

524 3549 713 3616 nutu
743 3533 845 3633 (²),
878 3561 1017 3613 non
1049 3540 1297 3631 verbo,
1330 3537 1637 3612 faciebat
1671 3538 1962 3633 signum
2000 3535 2136 3611 illis
2167 3543 2255 3609 ut
2291 3537 2614 3611 facerent
2649 3535 2867 3611 finem

524 3659 796 3752 cantui,
850 3659 1020 3752 quia
1072 3657 1463 3732 cantabant
1513 3656 1728 3731 Salve
1777 3657 2079 3752 Regina,
2118 3663 2202 3730 ut
2241 3656 2515 3729 dictum
2551 3646 2623 3747 (³)
2679 3677 2873 3750 prae-

524 3778 808 3852 cedenti
860 3777 1201 3871 capitulo,
1255 3782 1328 3850 et
1378 3776 1826 3850 ascultarent
1878 3776 2287 3852 orationem
2341 3795 2566 3869 qnam
2620 3775 2867 3848 facere

523 3897 978 3990 intendebat3
1006 3896 1215 3990 quasi
1249 3895 1524 3971 diceret
1562 3896 1807 3970 tacite:
1838 3895 2107 3970 amodo
2143 3901 2251 3969 est
2288 3901 2579 3989 tempus
2612 3892 2873 3965 orandi

524 4039 670 4092 non
721 4017 1079 4092 cantandi.
1133 4016 1222 4089 Et
1273 4015 1390 4091 hic
1439 4022 1612 4090 nota
1665 4023 2027 4109 quantum
2078 4014 2529 4109 comparatio
2565 4013 2655 4086 sit
2692 4033 2869 4107 pro-

522 4139 679 4233 prie
731 4138 822 4211 ad
872 4137 1361 4232 propositum:
1399 4136 1588 4212 sicut
1629 4136 1823 4211 enim
1881 4135 2306 4232 navigantes
2357 4154 2489 4229 per
2541 4154 2750 4208 mare
2792 4141 2868 4208 et

523 4257 1072 4355 peregrinantes
1122 4277 1255 4351 per
1303 4262 1607 4350 terram,
1659 4255 2097 4331 adveniente
2145 4275 2337 4348 sero,
2381 4252 2872 4328 recordantur

521 4377 809 4470 domuS‚
863 4377 1115 4471 patriae
1167 4384 1242 4451 et
1291 4376 1730 4468 amicorum,
1778 4382 1852 4449 et
1904 4375 2224 4471 cogitant
2275 4373 2367 4448 de
2417 4380 2635 4468 portu
2689 4378 2764 4447 et
2792 4361 2867 4465 (⁴)

647 4564 702 4624 (¹)
735 4562 796 4612 E.
829 4564 978 4624 coepi.
1606 4561 1661 4625 (⁸)
1695 4566 1801 4620 117,
1836 4560 1985 4611 vultu
2020 4575 2124 4611 uon
2157 4561 2332 4612 verbo.

650 4636 706 4699 (⁸)
741 4642 851 4699 117,
882 4638 1081 4688 dictum
1112 4642 1205 4688 est.
1604 4638 1658 4699 (⁴)
1691 4638 1752 4686 E.
1785 4641 1839 4686 et
1872 4637 1935 4686 de
1969 4637 2210 4699 hospitio.
