3704 5559
795 490 887 555 70
1514 498 1923 553 COMENTUM
1974 498 2413 553 PURGATORH

792 651 966 717 runt
1018 643 1571 718 excellentiores
1619 652 1963 718 cantores
2011 650 2183 717 ante
2235 644 2456 717 istum
2510 651 2584 718 et
2630 652 2813 740 post,
2850 647 2941 720 de
2977 647 3146 740 qui-

789 763 932 837 bus
997 770 1210 858 poeta
1253 763 1524 858 justius
1583 769 1874 857 poterat
1935 763 2177 837 facere
2210 764 2726 859 ‚mentionem3
2781 766 2908 839 sed
2970 768 3143 839 nibil

788 883 883 957 ad
935 904 1122 977 rem,
1175 884 1347 977 quia
1400 889 1618 957 autor
1678 884 1920 976 potius
1986 883 2216 958 voluit
2270 883 2512 957 facere
2576 885 3014 960 memoriam
3068 893 3141 959 et

791 1003 1064 1078 famam
1116 1004 1207 1077 de
1256 1003 1494 1076 amico
1546 1002 1664 1076 cui
1719 1002 2110 1076 tenebatur
2160 1002 2530 1077 adducere
2562 995 2634 1096 (¹)
2674 1024 2755 1078 se
2794 1004 3032 1098 ipsum
3071 1006 3143 1079 in

792 1126 1219 1218 exemplum
1270 1125 1344 1196 in
1397 1123 1705 1196 materia
1757 1130 2017 1196 cantus
2070 1145 2219 1216 quo
2283 1123 2418 1195 fuit
2479 1145 2773 1197 summe
2824 1125 3147 1199 delecta-

793 1250 933 1339 tus,
988 1252 1073 1316 ut
1123 1245 1362 1317 statim
1419 1243 1713 1339 videbis.
1770 1244 1955 1316 Dicit
2018 1264 2234 1339 ergo:
2297 1247 2583 1335 diss'iO,
2650 1244 2746 1316 illi
2818 1246 3139 1340 Casellae‚

790 1367 861 1437 io
906 1368 986 1457 fo
1037 1370 1272 1455 questo
1324 1366 1632 1453 via99i0,
1685 1363 1958 1436 scilicet
2010 1363 2439 1458 purgatorii,
2468 1385 2604 1455 per
2646 1370 2903 1436 tornar
2953 1370 3143 1439 altra

792 1487 980 1557 volta
1031 1475 1104 1556 ἰὰ
1152 1487 1313 1558 dov'
1337 1486 1407 1556 io
1458 1505 1615 1574 son,
1670 1484 1878 1575 quasi
1931 1482 2162 1556 dicat:
2219 1483 2382 1556 ideo
2432 1484 2616 1558 facio
2667 1485 2806 1558 hoc
2868 1486 2942 1558 in
2994 1486 3141 1560 vita

794 1610 877 1676 ut
927 1624 1221 1677 merear
1274 1605 1348 1676 in
1401 1610 1640 1677 morte
1692 1625 1823 1698 per
1877 1604 2391 1698 purgatorium
2447 1605 2834 1697 pervenire
2881 1606 2974 1680 ad
3033 1608 3142 1680 vi-

792 1732 941 1799 tam
996 1732 1371 1799 aeternam.
1428 1724 1565 1798 Sed
1621 1744 1714 1797 ne
1765 1724 2126 1797 dimittam
2167 1723 2441 1817 aliquid
2481 1724 2990 1820 indiscussum,
3028 1727 3143 1800 hic

791 1847 1030 1921 oritur
1088 1845 1487 1940 justissima
1555 1844 1958 1918 dubitatio:
2029 1850 2373 1937 quaerunt
2438 1844 2632 1917 enim
2695 1846 2906 1918 multi
2969 1867 3142 1919 cum

791 1988 1060 2063 magna
1112 1965 1616 2057 admiratione,
1672 1964 1844 2058 quid
1900 1965 2031 2037 sibi
2086 1965 2243 2037 vult
2296 1965 2429 2037 ista
2473 1985 2662 2039 nova
2700 1966 2890 2040 fictio
2937 1967 3142 2039 istius

792 2086 961 2161 novi
1023 2092 1281 2180 poem,
1346 2106 1578 2178 quare
1645 2086 1799 2158 istae
1865 2084 2130 2157 animae
2192 2085 2536 2179 relegatae
2596 2095 2806 2160 extra
2869 2108 3144 2183 purga-

797 2205 1070 2281 torium
1124 2213 1498 2300 ponuntur
1549 2205 1704 2278 sine
1755 2204 2000 2297 aliqua
2054 2225 2270 2297 poena
2323 2205 2791 2299 purgatoria?
2843 2207 2949 2279 Ad
3005 2208 3142 2280 hoc

796 2325 1237 2420 respondent
1287 2324 1607 2417 quidam,
1645 2324 1843 2416 quod
1896 2345 2152 2398 amara
2205 2344 2421 2418 poena
2457 2330 2566 2397 est
2600 2325 2873 2398 bomini
2918 2347 3144 2420 expe-

794 2454 1016 2521 ctare.
1074 2445 1205 2518 Alii
1256 2445 1505 2518 dicunt
1557 2445 1753 2538 quod
1804 2449 2020 2538 poeta
2073 2465 2203 2536 per
2254 2446 2392 2518 boc
2443 2444 2567 2517 dat
2609 2445 2905 2541 intelligi
2944 2448 3141 2539 quod

794 2566 1016 2659 aliqui
1069 2566 1476 2659 puniuntur
1529 2566 1600 2636 in
1653 2564 1789 2636 isto
1842 2563 2121 2636 mundo
2174 2570 2344 2636 ante
2379 2564 2917 2659 purgatorium,
2954 2566 3140 2639 sicut

791 2685 1066 2759 dictum
1122 2692 1231 2758 est
1279 2685 1353 2756 in
1401 2684 1834 2779 praecedenti
1873 2684 2234 2779 capitul03
2274 2684 2398 2757 sed
2440 2685 2542 2757 sic
2580 2684 2900 2760 dicentes
2935 2709 3144 2779 quae-

793 2813 968 2879 runt
1020 2804 1475 2900 subterfugia
1526 2804 1955 2898 ignorantia:
2008 2824 2184 2876 suae.
2241 2805 2380 2878 Sed
2445 2805 2533 2879 ad
2601 2828 2862 2880 verum
2933 2808 3145 2884 intel-

792 2925 1064 2999 lectum
1117 2925 1322 2998 istius
1376 2923 1680 2996 fictionis
1731 2923 1953 2996 debes
1991 2931 2250 2997 notare
2287 2924 2484 3015 quod
2519 2923 2708 2998 sicut
2749 2928 2963 3020 plene
2997 2928 3145 3001 dixi

793 3045 868 3118 in
922 3047 1161 3141 primo
1214 3044 1530 3138 capitulo
1584 3050 1796 3136 poeta
1863 3049 2109 3117 noster
2175 3043 2503 3136 loquitur
2567 3044 2658 3118 de
2719 3049 3146 3143 purgatorio

796 3167 1103 3258 morali3
1158 3164 1315 3238 vult
1368 3164 1564 3237 enim
1618 3164 1797 3237 dare
1848 3163 2146 3257 Intelligi
2219 3163 2416 3256 quod
2477 3164 2569 3238 de
2635 3186 2949 3240 numero
3001 3170 3144 3241 sal-

794 3285 1206 3359 vandorum
1246 3283 1469 3376 aliqui
1505 3289 1675 3354 sunt
1710 3282 1982 3354 mortui
2013 3281 2484 3375 spiritualiter
2510 3304 2644 3377 per
2681 3290 2913 3358 totum
2955 3293 3143 3360 tem-

793 3424 935 3498 pus
988 3404 1179 3496 vitae,
1233 3404 1357 3496 qui
1413 3410 1658 3477 tamen
1710 3402 2112 3494 salvantur,
2162 3401 2334 3494 quia
2373 3403 2443 3474 in
2482 3403 2623 3477 fine
2664 3405 2931 3480 habent
2965 3429 3143 3482 con-

795 3522 1164 3595 tritionem
1221 3529 1295 3596 et
1342 3522 1898 3595 conversionem
1943 3521 2259 3594 debitam
2298 3521 2392 3594 ad
2434 3522 2709 3616 Deum3
2748 3525 2911 3599 ideo
2955 3528 3142 3602 bene

794 3643 997 3739 fingit
1034 3642 1229 3736 quod
1266 3648 1651 3715 morantur
1687 3647 1761 3714 et
1795 3648 2161 3736 vagantur
2190 3648 2401 3715 extra
2432 3645 2942 3738 purgatorium
2981 3649 3139 3758 sine

792 3785 1011 3859 poena
1063 3762 1533 3858 poenitentiali
1596 3782 1725 3855 per
1778 3768 2064 3834 tantum
2099 3754 2171 3853 (²)
2229 3769 2541 3856 tempuS,
2595 3785 2727 3858 per
2778 3774 3139 3858 quantum

793 3887 1231 3961 distulerunt
1284 3882 1781 3978 poenitentiam
1835 3881 1910 3953 in
1964 3883 2262 3955 mundo.
2300 3884 2387 3955 Et
2429 3884 2625 3977 quod
2667 3885 2828 3959 dico
2867 3887 2959 3961 de
2996 3888 3142 3962 istis

792 4008 1150 4103 intelligas
1219 4005 1309 4079 de
1381 4002 1664 4076 caeteris
1736 4001 2296 4096 negligentibus,
2375 4003 2467 4077 de
2543 4004 2810 4097 quibus
2879 4008 3142 4081 dicitur

793 4147 1031 4219 usque
1079 4126 1171 4198 ad
1223 4124 1626 4218 capitulum
1684 4127 2258 4194 nonum—Ma
2309 4145 2356 4194 a
2410 4130 2488 4194 te.
2541 4125 2670 4197 Hic
2720 4134 2934 4219 poeta
2971 4128 3143 4220 quia

792 4245 1075 4319 dixerat
1127 4244 1445 4335 Casellae‚
1501 4261 1735 4334 quare
1796 4241 2008 4315 vivus
2069 4249 2374 4315 venerat
2443 4243 2535 4317 ad
2602 4247 3141 4342 purgatorium,

794 4387 989 4440 nunc
1032 4366 1293 4438 merito
1330 4364 1506 4457 petit
1534 4383 1768 4455 quare
1798 4363 1949 4455 ipse
1986 4367 2270 4437 tantum
2308 4364 2707 4439 tardaverit
2735 4366 3006 4441 venire.
3037 4367 3141 4440 Ad

916 4633 971 4696 (¹)
1005 4632 1067 4681 E.
1098 4634 1150 4680 et
1182 4631 1456 4680 adducere.
1899 4629 1955 4694 (¹)
1989 4631 2050 4681 E.
2086 4637 2289 4682 tantum
2322 4633 2588 4696 temporis.
