3704 5559
894 447 1035 513 482
1617 456 2025 510 coMENTUM
2075 456 2511 509 runc-uomr

894 602 1494 676 malefactorem?
1546 601 1708 694 quis
1750 606 2117 674 mercator
2157 620 2304 672 non
2344 599 2536 672 dicat
2571 597 3080 692 negligentiam
3130 597 3279 667 ni-

895 722 1127 795 mium
1164 721 1421 794 obesse
1455 719 1965 816 negotiationi?
2003 719 2163 812 quis
2210 718 2494 812 sapiens
2533 738 2676 790 non
2710 716 2969 811 probet
3007 717 3279 790 multa

891 841 1187 915 consilia
1239 860 1399 914 esse
1451 838 1861 912 necessaria
1899 838 2227 911 mundo?
2271 837 2433 930 quis
2473 835 2793 931 agricola
2836 855 2982 909 non
3036 836 3275 909 novit

893 961 1263 1034 culturam
1318 960 1663 1053 prodesse
1697 959 1787 1033 ad
1836 958 2280 1032 fertilitatem
2319 957 2751 1030 fructuum?
2792 957 2931 1031 Sed
2975 964 3058 1030 ut
3094 957 3273 1030 cito

896 1078 1163 1172 dicam,
1237 1084 1582 1171 quaerunt
1656 1078 1989 1151 homines
2066 1077 2650 1169 excusationem,
2730 1083 3276 1171 retorquentes

897 1200 1144 1272 omnia
1179 1199 1354 1274 vitia
1403 1219 1538 1272 sua
1590 1198 1662 1269 in
1713 1197 2013 1291 coelum,
2049 1197 2123 1269 in
2158 1197 2327 1290 fata,
2363 1197 2435 1269 in
2488 1197 2884 1288 fortunam,
2920 1197 3267 1271 dicentes

899 1316 1072 1391 illud
1094 1318 1404 1392 Cleantis
1431 1317 1862 1413 philosophi:
1891 1321 2223 1391 volentem
2241 1321 2399 1410 sata
2424 1319 2704 1407 ducunt,
2725 1320 3059 1390 nolentem
3087 1326 3265 1390 tra-

898 1441 1081 1511 hunc.
1119 1439 1206 1510 Et
1238 1439 1540 1512 demum
1582 1438 1880 1511 remittit
1915 1437 2254 1532 Virgilius
2289 1442 2579 1531 poetam
2629 1434 2722 1508 ad
2769 1437 3254 1532 theologiam,

899 1563 972 1631 et
1022 1557 1190 1630 dicit
1238 1557 1760 1633 sententialiter
1811 1556 2008 1650 quod
2059 1556 2209 1650 ipse
2259 1575 2391 1650 per
2442 1575 2521 1628 se
2570 1575 2705 1628 sua
2758 1556 3055 1629 scientia
3106 1578 3260 1630 na·-

899 1679 1118 1750 turali
1172 1699 1318 1751 non
1370 1684 1604 1772 potest
1654 1677 1870 1751 altius
1911 1676 2265 1750 accedere
2299 1675 2389 1748 ad
2426 1675 2995 1750 declarationem
3030 1697 3251 1770 quae-

901 1797 1169 1891 stioniS,
1225 1798 1396 1892 quia
1451 1805 1732 1871 tantum
1779 1797 2062 1892 judicat
2112 1815 2413 1869 causam
2477 1814 2608 1887 per
2674 1793 3060 1888 effectum3
3111 1797 3247 1871 sed

901 1916 1189 1990 Beatrix
1244 1916 1567 2009 intendit,
1623 1916 1819 2009 quod
1881 1915 2136 1988 nobilis
2200 1914 2454 2005 virtuS‚
2509 1913 2712 2006 idest,
2773 1916 3253 1989 excellentior

903 2056 1070 2127 quae
1121 2036 1210 2107 sit
1261 2036 1332 2108 in
1387 2036 1682 2109 homine
1718 2042 1827 2109 est
1866 2035 2181 2108 liberum
2234 2033 2644 2125 arbitrium,
2683 2033 2854 2125 quia
2892 2054 3023 2128 per
3051 2027 3122 2125 (¹)
3161 2056 3251 2109 se

904 2151 1141 2244 ipsum
1206 2173 1583 2226 meremur
1610 2145 1688 2243 (²)
1755 2154 1978 2226 vitam
2050 2159 2432 2243 aeternam,
2492 2153 2609 2226 vel
2672 2153 3242 2228 damnationem.

905 2269 1086 2342 Dicit
1137 2290 1354 2367 ergo:
1409 2276 1725 2345 Beatrice
1773 2276 2045 2344 intende
2109 2275 2179 2344 la
2241 2273 2464 2344 nobile
2517 2267 2735 2362 verni,
2787 2273 3081 2366 scilicet,
3132 2274 3248 2346 in-

906 2394 1181 2484 natam,
1222 2412 1358 2482 per
1409 2393 1477 2463 lo
1528 2392 1743 2463 libero
1793 2394 2117 2483 arbitrio,
2168 2414 2205 2463 e
2247 2384 2426 2482 perd
2488 2395 2773 2482 quartia
2835 2395 2955 2465 che
3015 2396 3059 2464 l'
3085 2394 3248 2466 abbi

907 2530 954 2580 a
1005 2518 1246 2602 mente,
1295 2514 1352 2583 ε’
1378 2532 1425 2582 α
1465 2515 1731 2603 parlar
1781 2514 1826 2583 τ’
1854 2514 2236 2603 apprende,
2281 2512 2466 2585 sicut
2517 2512 2787 2606 patebit
2827 2512 2885 2583 V
2928 2514 3247 2607 capitulo

904 2628 1247 2721 Paradisi,
1293 2630 1416 2702 ubi
1468 2630 1673 2704 dicit:
1719 2633 1786 2701 lo
1839 2634 2165 2720 mayyior
2205 2631 2349 2701 don
2382 2632 2500 2703 che
2534 2633 2698 2721 Dio,
2742 2636 2878 2704 etc.
2916 2631 3046 2705 Vel
3095 2632 3244 2705 dic:

907 2748 1298 2824 recordare
1347 2756 1599 2845 petere
1650 2749 1742 2825 de
1794 2751 1931 2824 hoc
1984 2749 2275 2844 quando
2318 2750 2463 2824 eris
2498 2770 2749 2824 secum
2775 2774 2795 2844 3
2843 2751 3042 2825 unde
3084 2757 3246 2825 tan-

904 2868 1007 2963 git
1059 2869 1150 2943 de
1201 2871 1336 2943 hac
1388 2891 1471 2944 re
1522 2871 1759 2964 primo
1811 2870 2129 2964 capitulo
2172 2870 2493 2943 Paradisi
2529 2871 2736 2964 quasi
2774 2872 2968 2945 circa
3001 2871 3244 2963 finem,

907 2988 1029 3060 ubi
1082 2988 1272 3082 dicit,
1329 2990 1524 3082 quod
1576 2991 1757 3064 ordo
1812 3011 2039 3083 quem
2095 2991 2290 3063 Deus
2326 2991 2520 3064 dedit
2557 2998 2837 3065 naturae
2872 2998 3124 3065 causat
3172 2991 3246 3064 in

857 3100 1113 3179 ’nobis
1166 3108 1440 3201 primos
1494 3117 1739 3181 motus
1791 3116 1927 3182 etc.

1054 3230 1158 3295 La
1208 3230 1394 3298 luna.
1450 3229 1587 3300 Ista
1640 3235 1750 3300 est
1805 3228 2014 3301 tertia
2067 3249 2234 3321 pars
2293 3227 2654 3322 generalis
2706 3228 2778 3300 in
2832 3249 2980 3322 qua
3033 3236 3243 3322 poeta

907 3341 1243 3415 describit
1295 3346 1805 3440 purgationem
1857 3346 2429 3439 accidiosorum3
2485 3352 2556 3419 et
2611 3347 2847 3441 primo
2901 3348 3070 3422 facit
3118 3349 3249 3422 de-

910 3462 1372 3555 scriptionem
1427 3464 1796 3557 temporiS,
1867 3471 1941 3539 et
1999 3466 2289 3538 videtur
2354 3467 2540 3540 velle
2606 3467 2852 3542 dicere
2902 3468 3248 3560 breviter,

910 3581 1106 3675 quod
1157 3583 1333 3657 luna
1385 3603 1528 3656 non
1581 3591 1739 3658 erat
1789 3584 2103 3678 amplius
2155 3585 2367 3677 plena
2419 3606 2555 3659 nec
2605 3587 2932 3681 opposita
2964 3577 3038 3678 (³)
3093 3587 3248 3680 soli,

910 3701 1098 3776 sicut
1150 3711 1310 3777 erat
1362 3704 1429 3775 in
1482 3703 1831 3799 principio
1884 3704 2164 3797 inferni,
2207 3712 2280 3778 et
2331 3705 2708 3779 oriebatur
2764 3707 3125 3817 luminosa
3176 3714 3252 3781 et

911 3822 1292 3915 splendens
1343 3823 1536 3897 circa
1611 3824 1926 3898 mediam
1992 3831 2304 3897 noctem.
2371 3824 2555 3898 Dicit
2618 3845 2837 3921 ergo:
2899 3831 3003 3898 La
3055 3830 3248 3917 luna,

909 3963 1076 4033 quae
1140 3949 1296 4016 erat
1360 3944 1864 4038 decimanona,
1925 3947 2127 4039 quasi
2192 3966 2239 4016 a
2304 3966 2552 4017 mezza
2619 3953 2849 4040 notte,·
2910 3945 3027 4020 hic
3092 3952 3253 4020 erat

908 4082 1192 4156 vesper,
1246 4067 1488 4155 tarda,
1538 4063 1628 4136 ad
1693 4064 2103 4157 oriendum,
2150 4067 2357 4156 facea
2407 4066 2468 4136 le
2516 4069 2701 4138 stelle
2759 4088 2809 4137 α
2866 4069 2988 4139 noi
3028 4087 3253 4157 parer

898 4177 1026 4271 piei
1066 4185 1266 4273 rade,
1304 4184 1477 4275 quia
1530 4184 1706 4256 luna
1756 4183 2085 4256 obfuscat
2122 4184 2443 4259 minores
2485 4185 2727 4259 stellas
2768 4184 3048 4258 lumine
3081 4204 3250 4275 suo;

1036 4398 1093 4461 (¹)
1127 4404 1234 4461 11⁷,
1269 4416 1363 4464 per
1406 4405 1574 4466 ipsum
1615 4420 1881 4456 meremur
1927 4409 2008 4459 vel
2052 4409 2400 4460 demeremur.
2435 4410 2569 4461 Dicit
2601 4424 2764 4474 ergo:
2798 4411 3044 4467 Beatrt‘oe,
3077 4410 3255 4461 excel·-

914 4477 1103 4528 lentior
1136 4478 1261 4535 aliis,
1296 4480 1512 4530 intende.

1040 4551 1096 4615 (²)
1129 4554 1178 4603 S.
1214 4561 1464 4606 meretur.
2091 4559 2145 4621 (⁸)
2178 4561 2238 4610 E.
2273 4563 2504 4625 opposita
2536 4564 2651 4624 sibi,
2678 4564 2830 4615 sicut.
