3704 5559
1448 494 1727 549 CANTUs
1780 494 2062 547 ramos.
2881 482 2922 546 9

576 644 861 740 pluviae.
919 642 1106 715 Cum
1158 646 1408 713 autem
1462 646 1813 713 cessasset
1865 638 2110 732 pluvia
2161 645 2236 711 et
2286 639 2474 712 sacta
2536 638 2929 712 serenitate

574 766 796 838 Musae
851 762 1122 835 vellent
1182 759 1554 851 recedere,
1608 759 1745 832 iste
1811 759 2042 832 iratus
2103 758 2365 831 clausis
2424 758 2650 852 portis
2711 778 2931 851 para-

576 884 700 958 bat
731 875 802 973 (¹)
861 881 1140 954 violare
1193 899 1356 971 eas;
1412 878 1540 952 sed
1589 878 1813 950 Musae
1850 878 2236 951 levissimae
2277 877 2758 951 evolaverunt
2799 898 2931 971 per

582 1004 955 1077 fenestras.
996 1001 1373 1094 Pyreneus
1420 997 1859 1071 temerarius
1895 999 2218 1071 ascendit
2255 998 2516 1070 turrim
2566 999 2814 1090 altam,
2860 1007 2933 1071 et

587 1124 836 1197 volens
888 1119 1096 1212 sequi
1151 1138 1275 1192 eas
1326 1118 1587 1191 deiecit
1637 1138 1716 1191 se
1765 1118 2327 1213 praecipitanter,
2382 1125 2455 1192 et
2505 1124 2702 1190 totus
2754 1137 2933 1190 con-

587 1243 859 1316 fractus
914 1237 1310 1313 maculavit
1362 1242 1638 1310 terram
1692 1238 2050 1311 scelerato
2109 1237 2467 1332 sanguine
2530 1258 2688 1310 suo.
2744 1237 2928 1310 Cum

586 1369 837 1438 autem
891 1361 1161 1433 Urania
1212 1357 1489 1430 diceret
1540 1357 1699 1450 ista,
1752 1358 1986 1430 Pallas
2042 1357 2195 1431 visa
2247 1368 2356 1432 est
2404 1357 2662 1430 audire
2715 1376 2933 1429 voces

589 1485 952 1557 humanas
1004 1480 1076 1551 in
1111 1477 1530 1569 arboribus;
1567 1484 1781 1549 erant
1821 1484 2073 1550 autem
2112 1498 2377 1550 novem
2415 1478 2622 1570 picae:
2662 1481 2733 1549 et
2770 1475 2935 1548 Pal-

588 1603 753 1677 lade
803 1606 1094 1695 petente
1146 1618 1314 1691 quae
1365 1604 1629 1688 essent,
1680 1596 1948 1669 Urania
2001 1596 2270 1669 iterum
2327 1596 2652 1669 narravit
2710 1595 2929 1668 aliam

589 1721 932 1796 iniuriam
1000 1720 1265 1792 factam
1336 1718 1577 1811 Musis,
1641 1728 1713 1792 et
1762 1717 1940 1790 dixit
2009 1718 2206 1810 quod
2276 1717 2572 1810 quidam
2637 1717 2935 1790 nomine

591 1843 871 1916 Pierius
920 1842 1012 1913 de
1063 1840 1259 1913 Pelle
1310 1838 1601 1912 civitate
1653 1837 2042 1911 Alexandri
2089 1837 2324 1933 Magni
2359 1837 2614 1933 genuit
2665 1856 2934 1909 novem

590 1963 769 2036 filias
811 1967 1031 2034 tantae
1067 1960 1429 2053 superbiae
1466 1965 1539 2032 et
1573 1958 1925 2050 elationis,
1964 1958 2159 2051 quod
2201 1964 2479 2031 temere
2514 1963 2936 2029 transcurso

589 2083 808 2176 longo
859 2079 1088 2173 spatio
1140 2079 1546 2152 multarum
1605 2085 2005 2169 terrarum,
2050 2084 2417 2151 venerunt
2464 2076 2557 2149 ad
2609 2082 2934 2149 montem

593 2204 1022 2292 Parnasum,
1067 2209 1141 2274 et
1173 2208 1559 2292 coeperunt
1594 2218 2083 2291 prorumpere
2110 2205 2363 2270 contra
2400 2200 2661 2289 MusaS,
2690 2196 2937 2270 dicen-

591 2330 722 2415 teS,
776 2320 972 2414 quod
1024 2318 1336 2411 amplius
1400 2338 1545 2390 non
1604 2317 1940 2391 fallerent
2002 2319 2268 2413 vulgus
2319 2317 2690 2391 indoctum
2747 2336 2937 2389 vana

593 2439 974 2515 dulcedine
1027 2444 1306 2530 cantuS,
1361 2444 1434 2509 et
1484 2437 1542 2509 si
1608 2437 1963 2510 haberent
2026 2437 2348 2530 aliquam
2418 2437 2758 2510 fiduciam
2825 2436 2940 2509 sui

594 2565 960 2636 certarent
1011 2579 1182 2631 cum
1238 2556 1341 2630 eis
1393 2577 1565 2629 cum
1623 2557 1742 2629 tali
1795 2557 2299 2652 conventione,
2341 2565 2421 2630 ut
2473 2558 2682 2631 victae
2719 2556 2941 2631 relin-

596 2684 911 2774 querent
959 2679 1228 2770 locum,
1272 2684 1347 2750 et
1398 2677 1733 2750 victrices
1770 2677 2170 2750 retinerent
2206 2678 2732 2770 possessionem
2778 2676 2939 2769 loci,

595 2808 670 2875 et
718 2800 940 2873 huius
989 2797 1405 2873 certaminis
1440 2797 1725 2891 judices
1761 2804 2003 2871 essent
2039 2800 2376 2894 nymphae
2413 2799 2569 2872 deae
2606 2798 2938 2870 sontium.

595 2921 681 2993 Et
732 2920 903 2994 dicit
953 2919 1220 2993 Urania
1274 2917 1468 3010 quod
1521 2917 1964 2991 contendere
2016 2924 2175 2991 erat
2230 2924 2444 3011 turpe
2488 2919 2615 3010 eiS,
2650 2918 2777 2990 sed
2818 2938 2943 2991 ce-

596 3041 772 3115 dere
824 3039 1066 3114 visum
1119 3045 1230 3111 est
1281 3039 1586 3131 turpiuS.
1625 3037 1895 3110 Ordine
1938 3038 2107 3111 dato
2159 3038 2506 3112 sederunt
2560 3038 2725 3111 binc
2775 3037 2942 3111 inde

594 3159 831 3235 ambae
884 3165 1128 3253 partes
1179 3158 1253 3229 in
1306 3157 1595 3231 sedibus
1651 3158 2125 3251 marmoreis3
2169 3165 2243 3231 et
2294 3158 2410 3230 illa
2464 3178 2631 3251 quae
2669 3157 2943 3232 minata

595 3280 833 3355 suerat
884 3279 1106 3373 'coepit
1153 3284 1451 3351 cantare
1502 3278 1828 3351 convicia
1869 3279 2207 3372 deorum,
2263 3278 2575 3371 qualiter
2628 3279 2697 3350 in
2751 3278 2943 3352 bello

597 3400 937 3496 giganteo
1005 3399 1347 3493 fugerant
1413 3405 1486 3471 et
1545 3398 1912 3474 latuerant
1969 3398 2498 3494 magnificando
2559 3407 2764 3495 gesta
2833 3400 2944 3495 gi-

598 3527 928 3617 gantum.
985 3519 1304 3593 Tandem
1360 3520 1549 3591 sacto
1602 3517 1744 3592 fine
1787 3518 1955 3592 dicit
1995 3520 2301 3593 Urania:
2342 3520 2770 3593 mandatum
2807 3519 2943 3592 suit

601 3642 805 3714 nobis
856 3647 940 3712 ut
991 3639 1636 3733 responderemus;
1690 3645 1762 3712 et
1814 3646 1989 3712 tunc
2041 3660 2298 3714 omnes
2348 3643 2570 3714 Musae
2632 3642 2942 3714 commi-

598 3768 854 3837 serunt
902 3761 1100 3834 vices
1150 3782 1319 3833 suas
1371 3761 1687 3853 Calliope
1739 3760 2037 3856 reginae,
2073 3782 2242 3854 quae
2286 3767 2445 3835 erat
2497 3762 2942 3853 eloquentis-

601 3880 784 3955 sima
824 3881 1183 3974 omnium,
1222 3901 1388 3973 quae
1427 3879 1851 3953 mirabiliter
1887 3881 2297 3955 decantavit
2332 3881 2585 3954 laudes
2627 3881 2937 3953 deorum

600 4008 673 4075 et
723 4001 1016 4074 ruinam
1071 4001 1475 4096 gigantum.
1516 4000 1685 4072 Post
1731 4002 2034 4096 longum
2090 4006 2388 4072 cantum
2437 4000 2774 4094 nymphae
2816 3999 2943 4073 de-

597 4120 865 4196 derunt
900 4103 1358 4212 sententiam,
1397 4119 1689 4192 nemine
1730 4119 2213 4215 discrepante,
2249 4119 2445 4212 quod
2488 4122 2712 4192 Musae
2749 4119 2947 4195 vice-

597 4245 806 4332 rant3
859 4238 987 4312 sed
1039 4238 1175 4312 illae
1228 4247 1591 4333 protervae
1657 4238 2273 4333 contradicebant,
2339 4241 2838 4314 reclamabant
2870 4233 2941 4334 (²)

598 4364 673 4433 et
723 4358 1339 4452 improperabant.
1395 4360 1501 4430 Ex
1539 4378 1688 4451 quo
1723 4358 2040 4451 Calliope
2075 4358 2261 4432 irata
2297 4359 2512 4432 dixit:
2554 4369 2941 4455 postquam

729 4612 783 4675 (¹)
813 4612 865 4662 S.
897 4611 1104 4674 petebat
1135 4613 1349 4663 violare.
1955 4614 2008 4676 (Ἴ)
2046 4619 2152 4675 117,
2185 4616 2491 4666 clamabant,
