3704 5559
815 486 955 554 356
1532 498 1941 553 coMEN'rUM
1992 498 2432 553 PURGATORn

807 643 1071 739 pitulo:
1128 643 1242 716 hic
1292 662 1471 716 vero
1525 648 1886 716 tractatur
1935 642 2030 716 de
2081 642 2299 716 modo
2362 641 2634 717 vitandi
2698 649 2773 716 et
2834 642 3155 738 fugiendi

807 763 1074 857 ipsam,
1129 762 1290 836 ideo
1343 761 1633 835 videtur
1684 761 1923 855 potius
1974 761 2362 836 dicendum
2416 761 2614 854 quod
2663 761 2962 836 Orestes
3016 762 3153 835 fuit

805 883 968 978 pius
1019 889 1092 956 et
1143 882 1590 975 caritativuS,
1644 888 1718 956 et
1770 903 1950 955 usus
2000 888 2110 956 est
2160 882 2428 977 pietate
2487 902 2667 978 erga
2720 889 3029 977 patrem,
3082 891 3158 957 et

806 1023 1066 1077 amore
1116 1022 1294 1097 erga
1350 1021 1687 1096 uxorem,
1740 1008 1814 1076 et
1864 1002 2372 1077 benevolentia
2425 1010 2687 1077 mutua
2740 1023 2919 1099 erga
2970 1003 3156 1077 ami-

809 1142 1004 1197 cum.
1059 1122 1306 1194 Primo
1336 1113 1408 1212 (¹)
1464 1142 1643 1216 ergo
1695 1121 1829 1193 fuit
1882 1122 2043 1215 pius
2079 1143 2257 1218 erga
2294 1128 2603 1216 patrem,
2648 1122 2820 1216 quia
2877 1130 3158 1198 macta-

809 1242 913 1316 vit
970 1242 1268 1335 impiam
1334 1246 1649 1314 matrem
1702 1242 1973 1335 justius
2033 1263 2258 1335 quam
2319 1243 2689 1318 Alcmeon.
2746 1245 2931 1318 Nam
2984 1244 3154 1339 Cly-

810 1367 1233 1454 temnestra,
1270 1380 1569 1454 serpens
1611 1361 2048 1435 venenosior
2100 1368 2174 1436 et
2222 1363 2556 1437 adultera
2594 1364 2878 1458 turpior
2926 1383 3152 1458 quam

808 1482 1083 1555 Helena
1135 1501 1367 1574 soror,
1423 1486 1754 1574 tempore
1804 1481 2192 1554 obsidionis
2228 1482 2551 1576 troianae,
2601 1482 3012 1557 adulterata
3045 1489 3156 1558 est

810 1599 1085 1674 nefarie
1136 1621 1308 1674 cum
1346 1599 1672 1694 AEgistho
1724 1600 2104 1675 sacerdote
2138 1602 2683 1697 consanguineo
2722 1601 2857 1676 viri
2892 1602 3038 1676 sui:
3083 1609 3158 1677 et

807 1720 1108 1794 demum
1177 1719 1250 1791 in
1320 1717 1464 1792 fine
1528 1718 1697 1793 belli
1758 1719 1966 1792 illum
2030 1720 2663 1816 Agamemnonem
2723 1721 3157 1818 gloriosissi-

808 1861 1017 1913 mum
1072 1840 1590 1934 imperatorem
1648 1847 1754 1914 tot
1808 1862 2098 1936 regum,
2133 1842 2409 1915 ducum
2456 1852 2530 1919 et
2572 1842 3007 1937 principum,
3044 1841 3158 1917 vi-

808 1965 1090 2033 ctorem
1145 1959 1401 2052 Troiae,
1437 1959 1530 2034 de
1569 1960 1865 2034 Priamo
1903 1962 2500 2056 triumphantem,
2535 1961 2657 2035 illa
2695 1961 2983 2036 conscia
3018 1961 3151 2035 sibi

807 2078 1309 2152 crudelissime
1377 2079 1743 2173 mactavit,
1807 2081 2201 2156 adiuvante
2259 2080 2626 2177 AEgisth03
2679 2081 2844 2156 ideo
2900 2082 3151 2177 justis-

806 2197 993 2270 sime
1027 2198 1318 2272 Orestes
1360 2199 1705 2272 mactavit
1743 2200 1969 2293 ipsam
2012 2209 2325 2275 matrem
2364 2222 2536 2275 cum
2581 2202 2931 2298 AEgistho.
2972 2203 3154 2278 Ore-

809 2326 954 2392 stes
1013 2317 1234 2390 etiam
1294 2318 1547 2392 habuit
1608 2341 1944 2394 amorem
2015 2321 2104 2394 ad
2167 2343 2478 2397 uxorem
2537 2344 2748 2397 suam
2815 2324 3154 2399 Hermio·

810 2457 1004 2530 nem,
1059 2458 1281 2529 quam
1355 2439 1817 2533 recuperavit
1875 2442 2075 2534 juste
2138 2441 2231 2515 de
2293 2442 2629 2515 manibus
2694 2443 2974 2538 Pyrrhi,
3025 2442 3148 2516 illo

808 2563 1148 2630 mactato.
1203 2557 1436 2634 Gessit
1486 2566 1561 2633 et
1590 2550 1664 2650 (²)
1715 2559 2299 2635 benevolentiam
2339 2568 2681 2634 mutuam
2718 2564 2897 2657 erga
2931 2562 3152 2658 Pyla-

806 2675 1001 2770 dem,
1051 2698 1095 2750 a
1148 2699 1297 2770 quo
1351 2699 1758 2771 numquam
1812 2680 1948 2752 fuit
1998 2681 2425 2774 derelictus3
2480 2687 2555 2754 et
2604 2682 2907 2755 demum
2966 2681 3150 2756 hanc

805 2798 1042 2872 vicem
1098 2799 1414 2873 caritatis
1465 2808 1541 2873 et
1599 2800 1884 2894 pietatis
1938 2802 2209 2894 recepit
2260 2822 2302 2873 a
2369 2821 2627 2875 sorore
2678 2822 2813 2876 sua
2867 2802 3150 2898 Iphige-

803 2918 948 3011 nia,
1002 2940 1169 3012 quae
1219 2919 1312 2993 de
1363 2919 1654 3015 Scythia
1708 2922 1908 2995 venit
1958 2941 2210 2995 secum
2264 2921 2337 2993 in
2389 2921 2695 3014 Italiam,
2733 2941 2906 2995 cum
2944 2922 3148 2995 illum

802 3038 1190 3113 immolare
1241 3039 1562 3114 deberet.
1617 3041 1723 3113 Ad
1766 3042 2053 3116 literam
2093 3062 2295 3137 ergo,
2332 3042 2500 3115 dicit
2533 3048 2786 3136 poeta:
2824 3048 2892 3116 E
2909 3045 3151 3134 prima

800 3161 920 3232 che
971 3161 1085 3230 del
1131 3165 1294 3230 tutto
1346 3179 1487 3230 non
1536 3163 1592 3230 ε’
1620 3163 1874 3251 adisse,
1945 3161 2152 3254 quasi
2206 3161 2441 3237 dicat:
2502 3168 2902 3256 antequam
2960 3167 3148 3234 tota-

802 3276 967 3351 liter
1017 3283 1491 3351 evanesceret
1541 3278 1658 3351 illa
1713 3299 1855 3350 vox
1910 3280 2146 3373 prima
2200 3280 2484 3374 iterata,
2545 3302 2677 3372 per
2728 3281 3145 3372 auunyarsi,

804 3395 1020 3487 idest,
1087 3407 1384 3490 propter
1446 3397 1859 3471 distantiam
1930 3400 2184 3493 spiritu
2249 3407 2697 3493 transeunte,
2774 3403 2892 3474 un’
2928 3404 3146 3492 altra,
3280 3449 3285 3450 ν

802 3515 1097 3609 scilicet,
1162 3537 1306 3589 vox
1371 3517 1715 3610 secunda,
1768 3513 1991 3609 passo
2053 3524 2412 3611 yridando
2437 3548 2460 3594 .·
2510 3526 2579 3594 io
2641 3542 2817 3594 sono
2877 3526 3143 3612 Oreste,

802 3639 1221 3732 exemplum
1297 3637 1639 3731 caritatiS,
1708 3639 1881 3731 quia
1947 3641 2116 3714 fecit
2186 3642 2575 3717 vindictam
2638 3642 2883 3737 patris,
2943 3637 3148 3714 Unde

801 3759 1168 3833 Homerus
1220 3758 1315 3830 XI
1366 3758 1704 3853 Odysseae
1757 3759 2153 3836 introducit
2202 3761 2525 3835 animam
2578 3758 3147 3858 Agamemnonis

798 3879 1301 3952 contristatam
1338 3885 1812 3972 apparentem
1848 3880 2060 3975 Ulyxi
2113 3881 2186 3953 in
2239 3881 2545 3977 inferno,
2583 3883 2711 3976 qui
2754 3880 3147 3975 conqueri-

801 4008 925 4074 tur
976 3999 1174 4092 quod
1224 3998 1360 4071 fuit
1412 4005 1772 4072 mactatus
1823 3998 1915 4071 ad
1967 4019 2325 4094 mensam,
2379 4001 2565 4075 sicut
2598 4002 2730 4074 bos
2774 4005 3145 4075 mactatur

797 4119 892 4193 ad
961 4140 1308 4213 praesepe,
1380 4121 1753 4210 innocenS,
1826 4126 1986 4214 post
2055 4141 2311 4195 omnes
2372 4121 2661 4196 labores
2733 4128 2806 4195 et
2869 4119 3148 4194 fructos

802 4246 1059 4314 tantos.
1094 4240 1181 4311 Et
1209 4241 1599 4332 persuadet
1624 4239 1859 4335 Ulyxi,
1895 4241 2093 4332 quod
2132 4262 2510 4334 nunquam
2550 4241 2641 4317 sit
2674 4241 2968 4314 humilis
3007 4239 3147 4315 foe-

803 4356 1043 4450 minae,
1098 4378 1232 4430 nec
1291 4358 1569 4452 aperiat
1628 4358 1756 4431 sibi
1822 4379 2046 4433 omne
2109 4367 2501 4455 secretum,
2568 4361 2740 4454 quia
2795 4360 2966 4433 nihil
3038 4369 3147 4436 est

927 4618 981 4681 (¹)
1013 4617 1073 4667 Ε.
1107 4617 1283 4668 Primo
1315 4633 1537 4684 namque
1569 4620 1685 4670 suit.
2154 4622 2209 4686 (¹)
2239 4621 2300 4671 E.
2332 4621 2497 4673 Gessit
2526 4623 2700 4673 etiam.
