3704 5559
1346 526 1623 582 CAN'rus
1672 527 2012 581 oc'rAthS.
2724 514 2863 582 225

518 673 782 747 timens
817 671 990 743 mihi
1029 693 1118 746 ex
1157 672 1357 745 omni
1404 681 1636 768 parte,
1687 696 1724 745 e
1771 680 2010 746 stretto
2061 675 2477 747 m'accostai
2523 680 2690 747 tutto
2738 695 2859 764 ye-

514 797 686 884 latO,
735 792 909 886 quia
960 792 1228 866 nimius
1265 793 1483 867 timor
1520 796 1753 869 reddit
1790 793 2162 868 hominem
2203 801 2435 868 totum
2484 794 2851 891 frigidum,

516 912 689 1009 quia
741 911 1038 1008 sanguis
1100 913 1419 987 recurrit
1468 914 1559 988 ad
1613 935 1764 1008 cor,
1819 920 1904 987 ut
1955 933 2148 1008 saepe
2198 914 2474 988 dictum
2538 922 2667 1008 est,
2724 916 2861 986 alle

509 1036 726 1127 fidate
773 1034 1017 1124 spalle,
1052 1031 1323 1107 scilicet
1356 1033 1657 1129 Virgilii,
1692 1034 1785 1108 ad
1836 1054 2062 1127 quem
2115 1033 2421 1108 fidenter
2473 1055 2677 1108 eram
2739 1053 2861 1105 so-

516 1155 688 1228 litus
738 1173 1150 1226 recurrere.
1205 1154 1292 1225 Et
1342 1155 1597 1247 pulcre
1649 1153 1854 1250 fingit
1904 1155 2066 1247 hoc,
2105 1154 2276 1247 quia
2307 1153 2661 1228 'historice
2703 1173 2860 1226 ser-

517 1294 696 1369 pens
746 1280 856 1347 est
906 1293 1036 1368 per
1097 1280 1438 1346 naturam
1502 1273 1836 1347 inimicus
1901 1273 2234 1367 hominiS,
2295 1273 2458 1348 ideo
2519 1272 2860 1348 terribilis

518 1401 591 1471 et
640 1392 1149 1487 formidabilis;
1187 1401 1259 1468 et
1295 1393 1456 1468 ideo
1492 1394 1626 1468 iste
1661 1414 1959 1488 serpens
2001 1393 2126 1486 qui
2179 1387 2472 1488 prius(')
2517 1392 2861 1488 propina—

516 1515 621 1589 vit
671 1534 1045 1588 venenum
1099 1514 1337 1608 primo
1390 1514 1690 1607 homini,
1769 1521 1841 1586 et
1918 1513 2112 1587 dedit
2168 1521 2483 1588 mortem
2550 1512 2650 1586 illi
2720 1511 2862 1584 im-

517 1634 833 1727 mortali,
876 1634 1039 1728 plus
1088 1634 1353 1707 terruit
1405 1654 1601 1707 nunc
1652 1641 1947 1727 poetam
1998 1633 2325 1707 nondum
2381 1633 2580 1707 visus
2634 1652 2858 1725 quam

516 1755 777 1850 aliquis
827 1761 1276 1850 serpentum,
1320 1775 1506 1848 quos
1548 1754 1808 1828 viderit
1859 1754 1930 1826 in
1981 1774 2208 1827 arena
2245 1753 2530 1847 inferni,
2567 1752 2695 1846 qui
2729 1752 2861 1826 da-

516 1875 695 1950 bant
744 1882 895 1949 tam
927 1865 1000 1967 (²)
1058 1874 1297 1949 varias
1349 1880 1625 1948 mortes
1675 1873 2203 1968 peccatoribus.

663 1997 982 2070 Sordello
1015 2015 1306 2068 ancora.
1344 1995 1481 2067 Ista
1520 2001 1628 2067 est
1669 1993 1991 2067 secunda
2025 2014 2196 2088 pars
2231 1991 2547 2087 capituli,
2592 1992 2665 2065 in
2708 2011 2856 2086 qua

517 2122 733 2213 poeta
783 2121 1032 2189 noster
1082 2114 1422 2189 describit
1480 2114 1946 2210 singulariter
2016 2134 2239 2186 unam
2308 2113 2632 2187 animam
2700 2132 2863 2185 mo-

516 2237 823 2312 dernam
879 2235 1232 2309 illustrem
1289 2255 1458 2328 quae
1509 2213 1960 2307 familiariter
2027 2232 2538 2307 confabulatur
2603 2253 2859 2306 secum

518 2357 611 2431 de
661 2356 803 2432 filia
854 2363 928 2431 et
980 2376 1262 2450 uxore3
1317 2361 1389 2429 et
1449 2355 1688 2449 primo,
1747 2375 1880 2448 pro
1946 2353 2489 2428 continuatione
2549 2353 2861 2428 ostendit

518 2476 834 2572 qualiter
883 2476 1276 2569 SordelluS,
1316 2497 1459 2548 non
1499 2480 1885 2574 contentus
1925 2474 2323 2548 ostendisse
2356 2474 2460 2547 eis
2500 2475 2596 2547 ab
2648 2481 2858 2548 extra

515 2597 810 2694 spiritus
850 2598 1181 2670 virorum
1237 2596 1624 2669 illustrium
1680 2601 1754 2668 et
1802 2602 2010 2668 actus
2045 2615 2332 2686 eorum,
2371 2594 2756 2668 deduxerit
2780 2584 2853 2686 (³)

517 2737 644 2794 eos
693 2717 787 2795 ad
838 2718 1106 2792 locum.
1161 2715 1345 2790 Dicit
1395 2736 1615 2813 ergo:
1662 2716 1980 2788 Sordello
2031 2734 2327 2804 ancora,
2366 2714 2644 2809 supple,
2680 2712 2858 2788 dixit

516 2838 747 2934 nobiS,
801 2840 1225 2911 avvalliamo
1278 2839 1499 2928 omai,
1562 2836 1776 2929 idest,
1837 2834 2368 2909 descendamus
2432 2834 2524 2908 ad
2589 2833 2855 2907 dictam

517 2960 808 3052 vallem,
863 2965 979 3030 tra
1028 2958 1090 3029 le
1138 2958 1405 3047 yrandi
1444 2956 1708 3045 ombre,
1745 2954 2038 3047 scilicet,
2078 2974 2517 3048 magnorum
2571 2959 2645 3027 et
2700 2974 2861 3026 ma-

515 3079 1036 3177 gnanimorum
1089 3075 1446 3169 virorum,
1484 3096 1521 3146 e
1565 3078 1979 3167 parlaremo
2013 3076 2114 3147 ad
2151 3095 2322 3164 esse,
2360 3073 2562 3166 idest,
2597 3072 2864 3168 aliqui-

516 3200 654 3275 bus
705 3219 798 3274 ex
859 3195 1123 3270 nostris
1182 3194 1459 3289 italicis,
1515 3200 1595 3267 ut
1657 3194 1970 3290 patebit:
2023 3200 2099 3269 et
2148 3193 2469 3290 assignat
2531 3213 2862 3286 causam,

517 3320 713 3415 quia,
752 3321 1090 3410 qrazioso
1133 3319 1236 3409 fia
1286 3319 1400 3388 lor
1451 3319 1731 3388 vedervi
1781 3318 2001 3404 assai,
2037 3313 2242 3408 idest,
2278 3313 2452 3408 quia
2504 3314 2643 3389 erit
2693 3314 2865 3389 satis

507 3447 840 3538 gratum,
892 3437 1041 3511 imo
1090 3435 1587 3534 gratissimum
1642 3433 1791 3507 istis
1857 3434 2107 3509 videre
2176 3454 2305 3507 vos
2372 3434 2558 3508 duos
2627 3439 2865 3507 tantos

516 3567 766 3658 poetas
797 3547 898 3653 (⁴),
951 3557 1126 3653 quia
1188 3556 1325 3630 viri
1391 3556 1706 3629 illustres
1770 3561 1845 3630 et
1908 3554 2242 3628 moderni
2308 3574 2600 3628 summe
2663 3554 2864 3629 dele-

517 3689 808 3759 ctantur
860 3679 1110 3754 videre
1160 3684 1234 3752 et
1283 3677 1542 3751 audire
1604 3682 1878 3771 poetaS,
1932 3672 2058 3769 qui
2118 3674 2390 3770 possint
2457 3674 2701 3748 facere
2767 3674 2863 3749 de

518 3804 625 3880 eis
672 3800 1112 3878 memoriam
1163 3804 1238 3873 et
1297 3798 1594 3890 famam,
1647 3796 1833 3869 sicut
1885 3793 2458 3890 sapientissimus
2519 3813 2653 3867 rex
2713 3794 2864 3867 Ro-

517 3924 774 4000 bertus
823 3918 1213 3995 honoravit
1276 3928 1351 3994 et
1412 3916 1774 3991 laureavit
1838 3914 2315 3989 novissimum
2381 3920 2672 4008 poetam
2725 3912 2862 3987 Pe-

518 4043 914 4135 trarcham,
968 4039 1095 4135 qui
1148 4038 1424 4132 ubique
1473 4035 1645 4112 facit
1695 4036 1879 4110 altas
1914 4035 2583 4109 commendationes
2618 4034 2710 4108 de
2749 4053 2861 4109 eo,

516 4162 722 4240 Sicut
770 4181 951 4258 ergo
1004 4159 1139 4234 fuit
1186 4144 1445 4233 nobilis
1485 4139 1751 4230 invidia
1786 4155 2176 4231 Alexandri
2219 4154 2456 4250 Magni
2495 4153 2587 4228 ad
2624 4153 2866 4227 Achil-

515 4283 690 4380 lem,
739 4282 952 4366 cuius
1001 4280 1313 4380 gloriam
1366 4280 1731 4354 Homerus
1782 4278 2057 4352 fecerat
2095 4282 2475 4369 aeternam,
2516 4274 2615 4351 ita
2658 4274 2868 4350 nobi-

516 4403 604 4479 lis
639 4402 877 4479 timor
903 4380 1318 4478 ¹Alexandri
1370 4397 1831 4496 imperatoris
1891 4396 2211 4471 timentis
2278 4396 2476 4470 viros
2540 4396 2868 4470 literatos

629 4572 699 4652 ἶ(“)
731 4570 795 4639 B.
826 4570 1058 4652 primus}
1483 4583 1541 4647 (²)
1572 4584 1633 4634 E.
1669 4589 1775 4634 tam
1807 4597 1968 4634 novas
1999 4588 2212 4635 mortes.

642 4663 699 4730 θ)
732 4667 841 4743 111,
872 4663 1103 4735 deduxit.
1487 4661 1540 4725 (⁸)
1571 4661 1635 4712 E.
1667 4666 1846 4725 poetas
1876 4660 1966 4726 qui
1999 4661 2195 4725 possint
2224 4660 2396 4711 facere
2428 4659 2493 4709 de
2522 4659 2615 4709 eis.

784 4772 867 4816 111.
2540 4768 2592 4809 15
