3704 5559
2715 490 2854 557 423

510 768 844 836 GANTUS
891 764 1272 833 DECIMUS
1319 766 1666 847 SEXTUS,
1714 769 1786 833 in
1831 789 1949 852 quo
1996 774 2229 835 tractat
2262 771 2339 836 de
2369 771 2696 838 iracrmdis
2739 773 2854 838 sub

667 881 846 946 titulo
893 879 1221 946 cuiusdam
1259 881 1465 945 vocati
1506 879 1741 958 Marci,
1776 883 1886 963 qui
1920 900 2058 946 cum
2103 883 2193 947 eis
2237 882 2435 948 multa
2479 883 2645 948 dixit
2690 886 2859 950 circa

668 992 845 1074 facta
875 990 1060 1056 liberi
1083 990 1358 1069 arbitrii,
1392 995 1451 1055 et
1479 992 1641 1056 sicut
1670 991 2036 1076 adsiynavit
2063 993 2373 1058 rationem
2403 994 2570 1077 quod
2586 1000 2858 1076 propter

670 1102 1050 1169 discordiam
1080 1122 1409 1183 papaa‘um
1448 1104 1901 1184 imperatorum
1945 1103 2297 1170 destructus
2341 1109 2434 1169 cst
2475 1105 2767 1169 mundus.

663 1383 963 1548 Bmo
1013 1477 1081 1548 d’
1106 1476 1384 1566 inferno
1424 1494 1468 1544 o
1508 1476 1584 1546 di
1630 1480 1812 1545 nocte
1833 1477 2147 1567 privata.
2185 1475 2581 1570 Postquam
2619 1478 2692 1551 in
2726 1499 2856 1552 su-

513 1597 784 1692 periori
835 1595 1151 1690 capitulo
1203 1594 1540 1689 proxime
1591 1594 2026 1686 praecedenti
2063 1603 2277 1689 poeta
2322 1604 2570 1671 noster
2607 1598 2858 1673 docuit

513 1717 748 1790 vitare
782 1716 1037 1790 vitium
1078 1715 1230 1806 irae,
1258 1731 1456 1787 nunc
1490 1720 2032 1807 consequenter
2065 1714 2139 1787 in
2174 1715 2310 1789 isto
2344 1716 2661 1811 capitulo
2696 1718 2855 1791 XVI

513 1836 663 1932 agit
715 1840 789 1909 et
837 1840 1103 1908 tractat
1141 1833 1234 1907 de
1265 1832 1593 1928 generali
1644 1853 1882 1927 poena,
1926 1855 2071 1927 qua
2113 1842 2476 1931 purgatur
2511 1836 2702 1910 istud
2738 1837 2851 1912 vi-

511 1954 698 2028 tium
747 1955 822 2027 in
874 1954 1089 2029 tertio
1139 1952 1415 2027 circulo
1467 1953 1894 2049 purgatorii.
1950 1955 2036 2027 Et
2085 1975 2406 2049 praesens
2448 1948 2855 2050 capitulum

510 2082 747 2170 potest
811 2073 1133 2167 breviter
1195 2073 1412 2147 dividi
1477 2073 1551 2145 in
1615 2080 1938 2167 quatuor
2000 2081 2243 2168 partes
2304 2077 2707 2171 generales
2771 2077 2854 2151 ln

511 2194 750 2289 prima
784 2215 1103 2289 quarum
1140 2192 1478 2268 describit
1512 2194 1935 2290 generalem
1965 2214 2262 2289 poenam
2298 2194 2849 2292 iracundorum‚

514 2321 598 2389 ut
646 2313 922 2388 dictum
974 2320 1104 2388 est.
1157 2313 1237 2386 In
1289 2312 1608 2387 secunda
1662 2313 2055 2388 introducit
2112 2334 2347 2387 unum
2401 2316 2853 2411 singularem

514 2434 847 2529 spiritum
884 2433 1351 2527 modernum,
1389 2433 1515 2527 qui
1551 2433 1684 2506 fuit
1725 2433 2051 2508 maxime
2089 2441 2475 2529 promptus
2506 2436 2600 2510 ad
2635 2436 2851 2531 iram,

514 2555 653 2628 ibi:
717 2558 820 2626 Or
872 2560 941 2626 tu
993 2556 1101 2627 clai
1147 2556 1263 2626 se’.
1315 2552 1397 2625 In
1448 2553 1660 2628 tertia
1713 2562 1962 2629 movet
2012 2554 2434 2628 altissimam
2503 2556 2848 2650 quaestio-

512 2694 683 2750 nem
743 2674 935 2748 dicto
998 2674 1303 2769 spiritui,
1357 2675 1483 2768 qui
1544 2675 1882 2749 nobiliter
1914 2668 1986 2765 (¹)
2038 2675 2248 2748 solvit
2302 2675 2525 2768 illam,
2576 2675 2712 2748 ibi:
2766 2682 2857 2749 Et

509 2798 580 2867 io
633 2816 680 2866 α
732 2798 846 2867 lui.
902 2797 981 2867 In
1032 2801 1297 2889 quarta
1348 2802 1423 2868 et
1471 2793 1729 2868 ultima
1781 2794 2122 2869 describit
2160 2795 2640 2869 mutationem
2686 2817 2851 2870 mo—

513 2935 683 2988 rum
738 2914 1264 2988 modernorum
1325 2915 1906 3010 lombardorum,
1958 2914 2089 2988 ibi:
2152 2920 2241 2986 In
2298 2919 2410 2989 sul
2451 2936 2686 3009 paese.
2741 2916 2847 2990 Ad

509 3035 833 3131 primum
899 3035 1199 3110 veniens
1261 3035 1446 3130 dim,
1499 3033 1698 3128 quod
1761 3041 1980 3130 poeta
2046 3035 2386 3110 describit
2425 3027 2497 3127 (²)
2552 3057 2849 3133 poenam

510 3157 1057 3231 iracundorum.
1109 3155 1217 3230 Ad
1269 3156 1483 3231 cuius
1534 3155 2084 3251 intelligentiam
2139 3162 2249 3229 est
2323 3155 2514 3231 bene
2588 3164 2852 3231 notan-

508 3276 713 3371 dum,
767 3277 965 3371 quod
1017 3283 1232 3372 poeta
1281 3275 1653 3352 adinvenit
1702 3275 2082 3351 decentem
2137 3275 2442 3349 modum
2489 3280 2851 3373 purgandi

513 3396 986 3471 iracundiam.
1015 3397 1251 3493 Fingit
1284 3397 1479 3471 enim
1520 3395 1716 3490 quod
1744 3396 1856 3470 isti
1895 3402 2308 3493 purgantur
2344 3396 2416 3469 in
2459 3418 2610 3472 uno
2645 3398 2852 3473 fumo

508 3515 962 3611 densissimo,
1016 3517 1439 3614 nigerrimo,
1490 3516 1991 3611 amarissim03
2041 3516 2140 3591 ita
2193 3517 2389 3611 quod
2443 3521 2686 3594 nullus
2721 3541 2854 3615 po-

510 3642 653 3711 test
685 3635 959 3730 videre,
987 3644 1119 3710 aut
1152 3636 1569 3712 discernere
1604 3637 2006 3730 quidquam
2045 3636 2117 3709 in
2161 3657 2272 3710 eo.
2311 3638 2521 3712 Modo
2555 3639 2648 3712 ad
2681 3662 2853 3735 pro-

510 3755 855 3850 positum,
888 3756 1138 3830 sumus
1180 3756 1417 3831 oritur
1468 3777 1562 3830 ex
1614 3756 1807 3852 igne,
1843 3764 1916 3830 et
1964 3756 2074 3830 ira
2126 3762 2237 3830 est
2287 3757 2586 3850 quidam
2641 3759 2851 3854 igni3‚

513 3874 687 3969 quia
737 3881 848 3949 est
895 3874 1230 3950 accensio
1289 3875 1665 3971 sanguinis
1724 3876 1919 3949 circa
1983 3896 2132 3948 cor.
2197 3874 2400 3949 Sicut
2459 3896 2639 3972 ergo
2702 3897 2851 3952 non

511 4000 748 4090 potest
796 4014 955 4069 esse
1006 3995 1189 4092 ignis
1229 3996 1384 4071 sine
1423 3996 1652 4089 fum0,
1691 3995 1791 4068 ita
1826 4015 1963 4070 nec
1998 3994 2108 4067 ira
2150 3994 2305 4068 sine
2335 3985 2407 4087 (⁸)
2448 3995 2852 4072 fuscatione

512 4114 795 4187 mentis.
847 4114 972 4189 llle
1021 4134 1202 4211 ergo
1253 4116 1379 4209 qui
1431 4117 1589 4190 vult
1653 4114 2016 4188 subtiliter
2047 4102 2119 4207 (⁴)
2188 4114 2491 4210 purgari
2555 4114 2651 4188 ab
2715 4116 2852 4190 isto

510 4233 685 4307 vitio
738 4234 1260 4309 nocentissimow
1293 4235 1421 4310 irae
1456 4236 1673 4310 debet
1706 4234 1950 4330 puniri
1978 4226 2052 4326 (⁵)
2093 4235 2165 4307 in
2212 4235 2443 4329 sumo,
2480 4235 2687 4331 idest,
2721 4235 2853 4311 de·-

629 4465 683 4526 (¹)
716 4463 844 4528 E.q
844 4466 899 4514 ul
930 4466 1227 4516 notabiliter
1258 4467 1426 4516 solvit.
1728 4466 1782 4526 (²)
1818 4470 1928 4525 117,
1963 4465 2204 4517 describit
2236 4465 2406 4527 primo
2438 4479 2661 4528 poennm.

628 4540 670 4678 ((“
654 4543 689 4678 ζ
720 4540 887 4681 {agn
857 4553 977 4590 nes
977 4540 1289 4668 ulffocatlone
1321 4544 1523 4593 mentis.
1729 4542 1783 4605 (⁸)
1818 4547 1926 4602 11⁷,
1962 4542 2256 4593 salubriter.

852 4631 1014 4681 ¹¹¹9?
