3704 5559
843 472 984 540 230
1565 485 1977 541 comEN'rUM
2028 488 2464 542 PURGA'roRn

842 653 1050 706 mum
1117 630 1601 726 principium3
1667 641 1742 707 et
1799 632 2188 726 respondet
2250 632 2597 706 continuo
2660 633 2792 707 sibi
2855 634 3010 729 ipsi,
3073 637 3191 708 che

839 775 984 826 non
1032 756 1130 844 qli
1193 750 1233 826 ἐ
1289 755 1555 844 quade,
1624 751 1826 846 idest,
1898 773 2045 826 non
2116 760 2225 828 est
2289 752 2590 848 vadum,
2653 755 2769 829 vel
2832 753 2974 848 via,
3038 776 3186 849 quo

840 877 1063 949 homo
1130 874 1352 970 possit
1422 893 1871 969 cognoscere
1939 871 2292 948 infinitam
2361 875 2747 949 essentiam
2823 875 3189 971 primam3

841 996 1051 1090 quasi
1101 995 1293 1070 dicat
1342 1013 1495 1067 uno
1546 993 1774 1067 verbo
1826 993 2092 1069 Ninus:
2152 994 2412 1069 adiuro
2466 1002 2537 1070 te
2587 1017 2720 1090 per
2772 997 2977 1069 illum
3030 996 3192 1069 infi-

840 1115 1103 1207 nitum,
1154 1113 1960 1208 incomprehensibilem
2023 1115 2476 1209 Creatorem,
2538 1116 2750 1190 cuius
2816 1116 3190 1213 singulare

840 1234 1280 1311 beneficium
1359 1241 1646 1307 tantum
1714 1235 1996 1309 relucet
2061 1236 2136 1308 in
2197 1242 2312 1309 te:
2377 1240 2660 1329 quando
2725 1242 2920 1310 serae·
2982 1240 3059 1311 di
3117 1228 3189 1310 ιὰ

840 1359 1027 1430 dalle
1068 1357 1313 1446 larylze
1346 1357 1550 1444 oncle,
1588 1354 1877 1449 scilicet,
1918 1355 2182 1430 Oceani
2224 1356 2670 1450 intermedii3
2707 1358 2915 1451 quasi
2955 1358 3184 1432 dicat:

843 1475 1137 1570 quando
1192 1474 1542 1548 rediveris
1590 1473 1683 1547 ad
1736 1475 2095 1548 mundum
2132 1475 2562 1569 viventium,
2599 1477 2724 1571 qui
2771 1484 2881 1551 est
2914 1477 3187 1551 divisus

841 1616 888 1669 a
915 1601 1164 1669 nostro
1190 1614 1234 1667 a
1264 1615 1531 1690 magno
1573 1594 1781 1687 mari,
1819 1597 1913 1666 di’
1941 1616 1987 1666 a
2021 1598 2392 1668 Giovanna
2426 1600 2595 1686 mia,
2634 1597 2799 1670 filiae
2836 1619 3044 1693 meae,
3072 1601 3190 1671 che

833 1735 970 1809 per
1018 1736 1127 1787 me
1175 1716 1449 1805 chiami,
1485 1714 1777 1807 scilicet,
1820 1713 2100 1788 orando
2135 1714 2399 1789 devote
2449 1715 2541 1789 ad
2576 1716 2841 1811 Deum,
2878 1708 2951 1790 ἰὰ
2984 1720 3186 1808 dove,

841 1836 1112 1911 scilicet
1179 1836 1252 1908 in
1321 1836 1530 1929 coelo,
1595 1837 1735 1925 ayl’
1761 1837 2107 1907 innocenti
2177 1837 2239 1906 si
2309 1838 2667 1927 risponde,
2745 1836 2916 1930 quia
2993 1838 3190 1911 Deus

842 1956 1141 2031 exaudit
1203 1941 1460 2050 preces
1529 1955 2001 2028 innocentum
2058 1954 2345 2049 justas3
2412 1963 2486 2028 et
2550 1954 2685 2029 ista
2755 1966 2918 2032 erat
2978 1957 3190 2054 virgo

841 2078 1084 2173 puella
1136 2098 1343 2172 pura.
1396 2074 1602 2148 Unde
1642 2074 1734 2148 ad
1777 2074 2330 2171 intelligentiam
2368 2075 2644 2149 claram
2700 2075 2907 2149 istius
2959 2077 3188 2150 literae

844 2204 918 2271 et
969 2196 1337 2290 sequentis
1388 2194 1610 2269 debes
1662 2194 1875 2286 scire,
1912 2194 2107 2287 quod
2160 2194 2295 2268 istc
2348 2195 2602 2268 nobilis
2653 2195 2885 2269 Ninus
2935 2196 3191 2269 habuit

843 2317 917 2391 in
968 2336 1281 2389 uxorem
1337 2315 1695 2387 illustrem
1736 2313 2109 2388 dominam
2145 2314 2577 2408 Beatricem,
2615 2337 2950 2391 sororem
2989 2338 3189 2391 mar-

843 2435 1117 2511 chionis
1183 2433 1485 2508 estensis
1535 2431 1794 2505 Azonis
1844 2433 1935 2504 111
2003 2434 2281 2527 famosi,
2351 2435 2443 2508 de
2520 2457 2669 2529 quo
2727 2437 2885 2530 jam
2963 2458 3184 2531 supra
3296 2509 3301 2514 ,

840 2558 1031 2632 facta
1082 2562 1192 2630 est
1254 2555 1526 2628 mentio
1586 2554 1903 2648 capitulo
1955 2554 2015 2626 V
2081 2554 2297 2628 huius
2358 2554 2542 2648 libri,
2597 2563 2670 2629 et
2731 2556 2900 2630 alibi
2951 2576 3184 2651 saepe3

840 2698 935 2752 ex
1002 2697 1149 2771 qua
1219 2674 1473 2771 genuit
1540 2673 1786 2768 filiam,
1866 2695 2033 2768 quae
2095 2681 2352 2749 vocata
2433 2680 2543 2748 est
2606 2675 2955 2749 Johanna.
3027 2677 3186 2770 lpse

840 2820 1021 2875 vero
1065 2806 1403 2871 mortuus
1437 2803 1547 2870 est
1587 2796 1741 2871 sine
1785 2796 2113 2870 mascula
2135 2788 2209 2888 (¹)
2247 2798 2485 2892 prole:
2529 2804 2691 2892 post
2731 2798 2944 2872 cuius
2979 2819 3185 2872 mor-

841 2928 989 2996 tem
1043 2941 1236 2994 uxor
1287 2920 1446 2993 eius
1517 2918 1758 3012 nupsit
1807 2917 2106 2992 domino
2168 2916 2494 2992 Galeatio
2559 2917 3004 3013 vicecomiti,
3058 2939 3183 2993 ca-

837 3041 1129 3136 pitaneo
1180 3037 1580 3131 Mediolani,
1634 3043 1706 3111 et
1759 3036 1902 3110 tilia
1956 3036 2114 3110 eius
2169 3038 2410 3131 nupsit
2475 3036 2773 3110 domino
2826 3038 3188 3113 Richardo

836 3162 930 3236 de
982 3159 1286 3235 Camino
1336 3158 1632 3231 domino
1684 3157 2007 3231 Tarvisii.
2071 3157 2240 3232 Ideo
2291 3159 2517 3231 Ninus
2582 3167 2794 3256 rogat
2853 3161 3186 3257 Dantem,

839 3287 923 3354 ut
971 3279 1162 3353 dicat
1213 3279 1375 3352 filiae
1427 3299 1605 3370 suae,
1658 3277 1856 3371 quod
1923 3285 2134 3374 roget
2202 3299 2336 3373 pro
2389 3300 2501 3374 eo,
2557 3281 2729 3373 quia
2798 3303 2993 3356 uxor
3053 3306 3187 3358 sua

838 3422 986 3474 non
1053 3399 1343 3473 videtur
1406 3398 1718 3493 amplius
1782 3418 2052 3473 curare
2112 3399 2204 3474 de
2269 3421 2381 3475 e0.
2415 3406 2702 3474 —Non
2762 3407 2994 3478 crede.
3057 3405 3187 3478 Hic

837 3519 1066 3593 Ninus
1100 3517 1428 3611 ostendit,
1466 3538 1700 3611 quare
1737 3538 1884 3590 non
1921 3520 2473 3594 recommendat
2507 3541 2587 3594 se
2624 3522 2836 3595 uxori
2870 3514 2972 3617 (²),
3010 3524 3179 3616 quia

837 3662 985 3714 non
1036 3640 1286 3733 credit,
1341 3638 1539 3734 quod
1587 3638 1902 3733 amplius
1953 3644 2165 3713 curet
2215 3640 2306 3714 de
2358 3661 2472 3734 eo,
2514 3640 2702 3715 sicut
2737 3641 2971 3717 simile
3004 3642 3185 3716 dixit

837 3783 1058 3857 supra
1110 3762 1518 3835 Boncontes
1568 3760 1660 3834 de
1711 3759 2165 3836 Montefeltro
2216 3760 2309 3834 de
2359 3761 2686 3835 Johanna
2735 3782 2971 3837 uxore
3020 3783 3179 3836 sua.

838 3882 1021 3958 Dicit
1071 3902 1296 3979 ergo:
1350 3887 1425 3954 et
1475 3900 1709 3974 quare
1760 3878 1921 3952 dico
1972 3879 2064 3953 de
2118 3878 2311 3952 filia?
2362 3880 2556 3974 quia,
2595 3902 2734 3953 non
2790 3885 3028 3973 credo,
3061 3884 3186 3955 che

840 4007 912 4077 la
961 4025 1092 4076 sua
1145 4005 1417 4093 madre,
1469 4001 1672 4095 idest,
1725 3999 2014 4074 Beatrix
2071 4020 2263 4072 uxor
2317 4021 2504 4095 mea,
2552 4022 2720 4095 quae
2772 4002 2873 4077 sic
2927 4010 3185 4078 vocata

840 4132 951 4199 est
1015 4144 1061 4198 a
1113 4124 1442 4198 Beatrice
1502 4122 1872 4216 quondam
1932 4120 2447 4194 Aldrovandini
2514 4124 2955 4198 marchionis
3020 4125 3186 4218 filia,

840 4265 1007 4338 quae
1043 4245 1283 4340 nupsit
1317 4242 1716 4317 Andreasio
1759 4240 1916 4338 regi
1951 4241 2369 4338 Hungariae,
2409 4244 2677 4318 mulier
2713 4246 3185 4340 magnanima

841 4363 1072 4458 valde,
1120 4360 1241 4457 pi&
1292 4366 1380 4435 m’
1410 4366 1579 4452 ami,
1632 4362 1818 4435 sicut
1871 4361 2074 4455 prius
2103 4352 2177 4454 (³)
2234 4363 2529 4436 amabat
2585 4363 2656 4436 in
2709 4364 2898 4458 vita3
2945 4368 3193 4457 poscia

966 4612 1020 4674 (¹)
1052 4612 1114 4662 E.
1147 4626 1177 4662 e
1214 4617 1321 4673 117,
1356 4612 1657 4663 masculina.
1831 4611 1886 4673 (²)
1921 4612 1973 4663 S.
2004 4614 2158 4665 uxori
2191 4628 2314 4676 θυαε,
2351 4616 2488 4679 quia.
2677 4615 2732 4679 (¹)
2766 4620 2875 4678 117,
2908 4630 2994 4668 me
3027 4618 3186 4681 prius.
