3704 5559
1348 506 1628 560 CANTUS
1678 507 2012 572 QmN'rUs.
2710 498 2840 563 161

499 653 607 727 Ita
661 653 1048 728 videbatur
1096 654 1211 727 isti
1267 654 1339 728 in
1392 661 1729 728 extremo
1783 653 1982 747 quod
2020 656 2340 751 Angelus
2389 656 2627 729 bonus
2684 676 2853 752 per-

498 776 846 850 suaderet
870 775 1003 849 sibi
1030 775 1227 870 quod
1260 775 1685 870 poenitentia
1724 796 2105 868 nunquam
2141 782 2386 870 posset
2420 798 2583 851 esse
2616 778 2849 868 tarda,

500 897 672 991 quia
724 897 912 970 latro
961 896 1053 970 de
1103 916 1328 970 cruce
1366 895 1696 970 transivit
1736 895 1829 969 ad
1880 895 2338 990 paradisum3
2386 899 2627 972 malus
2672 918 2852 971 vero

500 1017 575 1090 in
607 1016 1064 1090 contrarium
1103 1015 1551 1090 reclamabat
1577 1006 1681 1107 (⁴),
1707 1014 1995 1089 dicens:
2047 1017 2144 1089 ah
2195 1016 2419 1110 fatue,
2462 1017 2697 1091 credis
2746 1023 2850 1109 tu,

500 1156 675 1210 cum
709 1156 1003 1230 semper
1037 1135 1261 1210 fueris
1312 1135 1529 1229 longe
1563 1155 1608 1208 a
1644 1134 1821 1228 Deo,
1863 1156 2059 1209 nunc
2093 1136 2361 1211 salvari
2399 1137 2474 1209 in
2508 1135 2849 1209 instanti?

501 1255 699 1329 unde
748 1256 964 1329 dicit:
995 1278 1133 1347 per
1177 1277 1321 1328 una
1362 1259 1759 1346 layrimetta
1792 1258 1912 1327 che
1937 1258 1988 1328 ’l
2020 1259 2116 1328 mi
2164 1259 2396 1347 toqlie,
2434 1256 2638 1350 idest,
2678 1278 2846 1350 quae

501 1375 715 1469 eripit
764 1375 942 1448 mihi
994 1375 1167 1448 illud
1220 1375 1417 1469 quod
1470 1382 1581 1450 est
1631 1381 1995 1449 aeternum
2048 1376 2121 1449 in
2174 1376 2332 1450 isto.
2378 1377 2463 1448 Et
2498 1376 2670 1451 dicit
2704 1375 2852 1449 An-

499 1497 709 1592 gelus
777 1497 1055 1570 malus:
1126 1518 1242 1569 ma
1316 1498 1387 1568 io
1445 1489 1617 1590 saro
1687 1500 1874 1568 altro
1942 1518 2281 1589 qoam-720,
2353 1498 2564 1590 quasi
2634 1497 2846 1589 dicat,

499 1616 772 1690 malam
826 1616 1358 1709 tractationem,
1396 1619 1551 1689 dell'
1567 1619 1780 1706 altro,
1816 1615 2111 1709 scilicet,
2145 1617 2238 1690 de
2280 1636 2591 1711 corpore
2644 1636 2849 1689 mor-

500 1736 649 1831 tali,
702 1735 873 1830 quia
935 1736 1182 1810 anima
1251 1743 1637 1830 separatur
1694 1742 2044 1829 tanquam
2091 1742 2531 1831 perpetuum
2582 1757 2628 1809 a
2679 1756 2848 1809 cor-

501 1855 842 1951 ruptibili,
877 1862 963 1929 ut
1011 1856 1181 1929 dicit
1230 1856 1698 1951 philosophus
1732 1856 1919 1929 libro
1969 1856 2060 1929 de
2108 1856 2376 1931 anima.
2406 1897 2505 1909 —
2531 1861 2679 1928 Ben
2711 1859 2844 1927 sai.

499 1975 627 2050 Hic
670 1976 1079 2051 Boncontes
1116 1977 1271 2049 vult
1314 1997 1621 2049 narrare
1656 1996 1871 2049 suam
1908 1976 2365 2070 sepulturam
2407 1976 2844 2071 ignoratam,

505 2102 577 2171 et
608 2095 1111 2191 descripturus
1143 2097 1468 2190 pluviam
1507 2102 1582 2170 et
1615 2102 2125 2190 tempestatem
2162 2096 2579 2188 violentam,
2617 2117 2842 2189 quam

500 2215 793 2290 daemon
843 2215 1186 2290 excitavit
1235 2215 1508 2289 malitia
1560 2237 1694 2290 sua
1730 2216 1821 2288 ad
1865 2216 2275 2289 faciendum
2323 2215 2717 2289 ludibrium
2756 2215 2848 2288 de

506 2356 838 2431 corpore,
904 2335 1277 2430 praemittit
1326 2336 1876 2431 generationem
1943 2336 2206 2428 pluviae
2271 2337 2706 2410 naturalem.
2761 2335 2847 2407 Et

505 2454 598 2532 ad
648 2453 1189 2551 intelligendam
1227 2454 1440 2529 istam
1475 2456 1760 2531 literam
1799 2455 2020 2530 debes
2054 2456 2293 2550 primo
2330 2461 2610 2548 notare,
2647 2455 2842 2548 quod

500 2574 689 2650 sicut
738 2575 986 2651 scribit
1035 2576 1503 2670 philosophus
1538 2574 1722 2649 libro
1766 2576 2345 2669 Methaurorum,
2390 2581 2464 2649 et
2503 2575 2845 2647 Albertus

499 2714 816 2793 magnus
865 2694 985 2791 ihi,
1036 2716 1167 2770 aer
1219 2703 1328 2769 est
1368 2695 1746 2768 distinctus
1780 2695 1855 2767 in
1891 2701 2040 2768 tres
2083 2694 2444 2791 regioneS,
2480 2694 2634 2767 sive
2675 2714 2845 2788 par-

502 2823 632 2912 teS,
666 2837 990 2910 quarum
1032 2816 1369 2910 superior
1403 2823 1513 2891 est
1548 2816 1777 2891 calida
1812 2816 1987 2910 quia
2021 2822 2130 2889 est
2164 2815 2621 2888 contermina
2657 2814 2841 2910 igni3

497 2936 798 3013 inferior
847 2936 1068 3012 etiam
1122 2944 1233 3012 est
1282 2937 1512 3012 calida
1566 2925 1863 3032 propter
1906 2935 2419 3010 refractionem
2465 2934 2842 3008 radiorum

498 3058 625 3155 qui
679 3057 1205 3154 refranguntur
1257 3059 1328 3130 in
1389 3058 1773 3154 superficie
1824 3064 2075 3150 terrae3
2129 3056 2367 3130 media
2420 3075 2624 3147 vem,
2678 3073 2846 3147 quae

499 3184 809 3255 vocatur
859 3177 1352 3272 interstitium,
1410 3184 1520 3251 est
1570 3177 1849 3273 frigida,
1905 3176 2077 3270 quia
2127 3175 2343 3248 distat
2391 3174 2486 3248 ab
2548 3173 2717 3272 igne
2775 3178 2850 3246 et

500 3307 723 3395 terra,
775 3305 851 3374 et
898 3298 1081 3373 radii
1131 3298 1299 3373 solis
1352 3297 1494 3371 cito
1547 3303 2014 3371 transeuntes
2077 3316 2345 3391 parum
2415 3293 2849 3368 calefaciunt

501 3441 689 3498 eam.
742 3420 868 3495 Sol
917 3440 1097 3516 ergo
1148 3438 1322 3492 cum
1377 3417 1595 3492 radiis
1646 3416 1797 3490 suis
1846 3415 2148 3491 attrahit
2202 3435 2556 3510 vaporem
2606 3412 2850 3486 humi-

500 3540 705 3636 dum,
755 3561 802 3615 a
853 3539 1041 3613 mari
1075 3545 1151 3614 et
1178 3545 1378 3613 terra
1419 3556 1657 3630 usque
1694 3535 1787 3610 ad
1822 3535 2035 3609 istam
2091 3535 2469 3631 regionem
2528 3533 2845 3608 mediam

501 3660 860 3759 frigidam,
915 3680 1085 3753 quae
1136 3657 1629 3732 condensatur
1694 3656 1766 3728 in
1828 3655 2128 3748 nubem,
2184 3674 2351 3747 quae
2411 3653 2674 3727 deinde
2727 3671 2848 3724 re-

501 3783 809 3858 solvitur
858 3781 932 3854 in
991 3788 1258 3877 guttas,
1320 3780 1545 3853 Poeta
1608 3796 1787 3872 ergo
1852 3775 2065 3849 valde
2123 3773 2447 3847 breviter
2510 3779 2581 3846 et
2648 3772 2847 3845 clare

503 3902 736 4000 tangit
785 3901 902 3976 hic
949 3900 1501 3998 generationem
1544 3897 1810 3993 pluviae
1858 3896 2297 3987 naturalem,
2342 3893 2610 3984 dicenS,
2650 3891 2846 3985 quod

501 4023 690 4099 sicut
737 4029 1006 4097 natura
1057 4026 1408 4116 operatur
1445 4019 1517 4092 in
1552 4017 1942 4093 emissione
1979 4013 2268 4108 pluviae,
2306 4013 2406 4086 ita
2446 4030 2645 4084 nunc
2681 4009 2849 4083 fecit

501 4142 834 4218 diabolus
883 4163 1020 4217 sua
1069 4161 1330 4236 opera3
1383 4139 1581 4212 unde
1640 4137 1858 4212 dicit:
1926 4139 2076 4207 Ben
2141 4136 2278 4223 sai,
2332 4130 2541 4225 quasi
2607 4129 2846 4204 dicat:

503 4261 692 4338 scire
738 4261 963 4337 debes
1013 4268 1368 4355 tanquam
1404 4258 1873 4354 philosophus
1911 4253 2290 4346 naturaliS,
2326 4273 2516 4325 come
2565 4253 2628 4322 si
2675 4270 2845 4322 rac—

505 4383 723 4474 coffe
770 4385 927 4456 nell'
954 4402 1144 4473 aere,
1196 4379 1405 4473 idest,
1460 4375 1777 4472 qualiter
1829 4378 2329 4469 congregatur
2393 4371 2468 4443 in
2527 4368 2848 4444 secunda

632 4636 686 4699 (¹)
719 4636 771 4686 S.
806 4636 1072 4686 reclamat.

774 4742 855 4785 111.
2535 4730 2583 4772 11
