3704 5559
835 482 977 549 370
1553 494 1961 549 coMEN'rum
2011 494 2448 549 PURGATonn

833 665 1100 717 saxum
1150 664 1381 741 grave
1429 643 1736 716 domans
1790 662 2037 716 meam
2078 642 2475 735 superbam
2514 642 2905 716 cervicem.
2945 644 3029 715 Et
3065 643 3183 717 hic

835 770 1027 858 nota,
1082 764 1278 859 quod
1331 768 1547 858 poeta
1599 769 1848 836 noster
1896 784 1941 836 a
1991 763 2386 856 juventute
2451 761 2585 834 fuit
2636 764 2999 857 superbus
3060 785 3185 838 ra-

842 883 1036 958 tione
1089 884 1499 977 nobilitatiS,
1551 882 1871 957 scientiae
1921 889 1996 956 et
2046 882 2216 955 boni
2267 889 2539 975 status:
2577 882 2704 956 sed
2739 892 2943 959 certe
2992 886 3181 958 bene

834 1006 1151 1100 portavit
1201 1026 1390 1079 onus
1440 1026 1660 1091 suum
1716 1004 1789 1076 in
1843 1003 2012 1097 vita,
2049 1024 2238 1077 onus
2269 1003 2430 1077 dico
2473 1004 2689 1097 exilii,
2733 1006 3181 1098 paupertatis

837 1131 913 1199 et
961 1125 1248 1199 invidiae
1301 1125 1638 1200 aliorum.
1693 1125 1778 1196 Et
1830 1131 2032 1197 certe
2081 1123 2174 1197 de
2226 1144 2347 1197 me
2405 1123 2645 1198 audeo
2706 1125 2954 1201 dicere
3008 1126 3180 1201 cum

838 1243 1032 1318 bona
1085 1245 1523 1319 conscientia
1577 1244 1752 1317 illud
1804 1245 2024 1337 idem,
2062 1244 2351 1336 scilicet,
2389 1239 2585 1336 quo'd
2637 1244 2741 1317 fui
2793 1246 3182 1339 aliquando

840 1367 1073 1463 magis
1124 1367 1486 1461 superbus
1538 1386 1762 1458 quam
1816 1365 2140 1458 invidus:
2178 1364 2302 1438 sed
2338 1372 2539 1439 certe
2570 1366 2726 1459 jam
2770 1366 2960 1441 bene
3009 1388 3183 1462 por-

840 1486 987 1560 tavi
1040 1508 1305 1561 saxum
1358 1486 1432 1558 in
1484 1485 1760 1559 mundo
1792 1476 1888 1577 (¹).
1943 1486 2031 1558 Et
2082 1484 2196 1558 hic
2246 1492 2463 1580 poeta
2512 1486 2714 1580 ponit
2748 1505 3019 1560 novam
3053 1507 3184 1582 pe—

844 1605 1173 1680 titionem
1228 1606 1418 1680 illius
1469 1605 1701 1699 Sapiae
1736 1605 1827 1679 ad
1865 1625 1965 1699 se,
2004 1626 2170 1698 quae
2213 1604 2536 1678 breviter
2584 1604 2873 1678 videtur
2906 1586 3180 1680 dicere:

840 1724 897 1798 si
950 1732 1031 1797 tu
1086 1746 1264 1822 ergo
1318 1732 1659 1820 expectas
1712 1724 2010 1821 purgari
2074 1725 2145 1795 in
2214 1724 2548 1796 futurum
2621 1724 2760 1817 hic,
2813 1724 3184 1817 quomodo

839 1865 1020 1940 ergo
1073 1847 1216 1919 huc
1269 1846 1573 1919 venisti?
1625 1845 1807 1918 Dicit
1859 1865 2072 1940 ergo:
2112 1850 2177 1916 ec
2224 1847 2359 1917 ella
2395 1865 2443 1914 a
2482 1865 2614 1934 me,
2651 1844 2929 1939 supple,
2972 1844 3186 1940 Sapia

839 1963 1056 2036 dixit:
1110 1967 1219 2036 clii
1267 1969 1311 2037 ι’
1335 1968 1428 2037 lla
1479 1969 1753 2055 dunque
1802 1968 2123 2037 condotco
2175 1958 2431 2056 quassit
2483 1971 2598 2036 tra
2648 1967 2792 2054 noi,
2844 1964 2969 2057 qui
3024 1964 3184 2058 jam

839 2084 956 2156 hic
1007 2105 1439 2180 purgamur,
1476 2106 1549 2156 se
1587 2080 1706 2174 qi&
1741 2087 2063 2156 ricornar
2115 2086 2332 2174 credi,
2368 2083 2658 2176 scilicet,
2695 2082 2788 2156 ad
2828 2082 3185 2155 mundum

843 2201 1208 2275 vivorum.
1265 2204 1350 2275 Et
1399 2205 1746 2278 continuo
1798 2203 1998 2297 ponit
2045 2204 2593 2298 responsionem
2629 2223 2869 2295 suam,
2903 2202 3184 2277 dicens:

839 2328 906 2393 et
949 2324 1045 2410 ic,
1097 2324 1372 2416 supple,
1415 2324 1783 2417 respondi:
1821 2328 2061 2414 costui,
2097 2327 2198 2396 ch’
2226 2318 2266 2396 e*
2302 2345 2488 2396 meco
2539 2345 2576 2395 e
2626 2344 2771 2396 non
2814 2312 3184 2417 '‘a“motw,

842 2439 1047 2534 idest,
1100 2441 1440 2539 Virgilius
1491 2442 1615 2537 qui
1671 2464 1792 2517 me
1843 2444 2060 2517 tacite
2120 2444 2236 2516 hic
2301 2450 2657 2537 expectat,
2711 2450 2821 2517 est
2878 2442 2998 2515 ille
3056 2441 3185 2535 qui

844 2581 966 2634 me
1014 2562 1361 2636 conduxit
1415 2564 1577 2636 huc.
1635 2564 1720 2635 Et
1770 2564 2080 2637 ulterius
2136 2563 2521 2657 respondet
2571 2564 2660 2637 ad
2706 2562 2776 2635 id
2810 2561 3008 2657 quod
3059 2583 3185 2635 su-

840 2702 972 2775 pra
1023 2681 1307 2756 dixerat
1357 2683 1570 2778 Sapia
1621 2704 1792 2756 cum
1847 2683 2064 2755 dixit:
2118 2686 2500 2775 spirando;
2553 2689 2625 2757 et
2676 2682 2881 2756 dicit:
2934 2703 2973 2755 e
3021 2684 3179 2754 vivo

838 2823 1040 2892 son0,
1096 2823 1535 2877 reversurus
1588 2805 1678 2878 ad
1733 2805 2131 2898 mundum:
2186 2827 2222 2876 e
2265 2797 2467 2896 perd,
2501 2807 2747 2896 spirito
2797 2806 3017 2895 electe,
3059 2801 3187 2896 qui

838 2924 1228 2998 salvandus
1279 2944 1382 3017 eS,
1435 2929 1531 2997 mi
1577 2928 1838 2998 richedi
1885 2947 1958 2997 se
2010 2933 2077 2997 tu
2132 2929 2291 2997 vuoi
2338 2929 2439 2997 cli’
2464 2928 2534 2997 io
2586 2946 2843 2997 :nuova
2885 2944 3109 2997 ancor
3141 2924 3192 2996 ti

839 3047 1100 3115 morlai
1140 3047 1356 3136 piedi,
1393 3043 1595 3138 idest,
1635 3046 1831 3137 quod
1884 3045 2144 3118 vadam
2200 3066 2335 3138 pro
2387 3052 2484 3138 te,
2518 3048 2591 3117 in
2626 3052 2860 3137 parte,
2896 3044 3189 3134 scilicet,

840 3162 1107 3255 aliqua.
1137 3203 1235 3214 —
1271 3167 1370 3235 O!
1420 3163 1548 3236 Hic
1600 3171 1812 3257 poeta
1866 3164 2067 3257 ponit
2117 3165 2661 3257 responsionem
2709 3163 2895 3238 illius
2928 3161 3184 3257 Sapiae‚

840 3301 1009 3374 quae
1060 3302 1353 3355 summe
1406 3281 1717 3354 miratur
1769 3283 1861 3356 de
1909 3283 2230 3356 inaudita
2266 3284 2501 3378 gratia
2536 3302 2879 3357 concessa
2912 3280 3181 3374 autori,

844 3406 917 3474 et
952 3400 1130 3493 petit
1164 3401 1294 3473 sibi
1331 3402 1735 3475 orationem
1777 3402 1958 3496 fieri,
1990 3411 2063 3476 et
2099 3404 2368 3476 famam
2407 3404 2712 3478 restitui.
2751 3402 2932 3477 Dicit
2966 3421 3185 3498 ergo:

842 3528 916 3593 et
967 3519 1082 3593 illa
1136 3522 1370 3615 Sapia,
1422 3525 1714 3613 rispose,
1775 3545 1949 3597 cum
2012 3524 2513 3617 admiratione,
2586 3529 2689 3597 O!
2761 3531 2996 3615 questa
3046 3519 3089 3596 e*
3129 3516 3192 3596 si

842 3664 1010 3716 cosa
1060 3665 1246 3716 nova
1297 3647 1397 3716 ad
1443 3646 1631 3734 udir,
1686 3645 1858 3738 quia
1913 3666 2319 3737 numquam
2389 3645 2521 3718 fuit
2579 3644 2829 3718 audita
2879 3643 2972 3717 de
3020 3642 3189 3738 ali0,

842 3767 962 3837 che
1017 3786 1208 3855 yran
1270 3786 1483 3854 seyno
1548 3761 1609 3854 θ’,
1662 3764 1867 3858 idest,
1920 3766 2216 3839 evidens
2275 3773 2829 3861 argumentum,
2880 3767 2999 3837 che
3048 3765 3188 3837 Dio

842 3889 885 3958 t’
914 3888 1084 3974 ami,
1138 3891 1212 3958 et
1237 3876 1311 3975 (²)
1365 3883 1561 3976 quod
1618 3894 1694 3959 tu
1750 3884 1845 3956 sis
1898 3884 1969 3955 in
2020 3885 2255 3979 gratia
2298 3886 2477 3958 eius.
2515 3885 2602 3956 Et
2638 3904 2816 3959 vere
2850 3883 3005 3958 sine
3040 3883 3187 3957 sin-

841 4006 1078 4100 gulari
1131 4005 1392 4100 gratia,
1444 4012 1658 4098 poeta
1711 4012 1960 4078 noster
1996 4027 2140 4078 non
2176 4012 2461 4099 poterat
2496 4006 2738 4080 facere
2779 4004 2971 4078 istud
3007 4003 3190 4096 iter3

827 4115 1010 4217 pero
1063 4128 1249 4197 talor
1299 4128 1395 4196 mi
1441 4127 1655 4214 yiova
1706 4128 1817 4197 col
1856 4131 1969 4197 cuo
1993 4147 2249 4217 preyo,
2285 4127 2493 4219 quasi
2531 4126 2753 4201 dicat:
2790 4122 3184 4218 aliquando

842 4264 1022 4338 roga
1077 4264 1210 4337 pro
1265 4265 1406 4337 me,
1444 4245 1617 4338 quia
1653 4252 1780 4318 tua
1823 4246 2144 4339 precatio
2181 4247 2398 4321 debet
2442 4267 2602 4322 esse
2643 4246 2873 4340 justa,
2910 4265 3005 4320 ex
3038 4263 3192 4339 quo

840 4383 919 4436 es
972 4362 1044 4434 in
1094 4363 1351 4458 gratia.
1409 4364 1493 4435 Et
1543 4364 1743 4458 ponit
1767 4355 1838 4456 (³)
1894 4365 2092 4438 aliud
2144 4388 2315 4439 cum
2366 4366 2623 4440 maiori
2679 4363 3196 4457 cura‚‡scilicet

968 4547 1022 4610 (¹)
1056 4547 1117 4596 Ε.
1150 4548 1202 4596 in
1237 4549 1432 4598 mundo
1469 4548 1582 4597 isto.
1617 4549 1685 4598 Et
1715 4550 1816 4599 hic.
2191 4547 2249 4610 ζ’)
2283 4555 2390 4606 11⁷,
2421 4551 2571 4611 idest,
2606 4550 2748 4614 quod
2780 4554 2840 4598 tu
2871 4548 2956 4598 sis.

969 4622 1023 4685 (¹)
1060 4622 1119 4671 E.
1152 4622 1221 4672 Et
1254 4625 1382 4685 petit
1411 4623 1569 4672 aliud.
