3704 5559
1192 470 1467 525 CANTUS
1518 470 1835 525 DECIMUS
1884 471 2143 525 NONUS,
2697 461 2839 527 517

494 619 799 712 bricam,
851 623 923 691 et
976 615 1439 711 impudicam.
1494 615 1581 689 Et
1634 615 1819 710 vide,
1873 617 2069 710 quod
2133 616 2266 692 iste
2325 615 2666 690 sacerdos
2726 615 2838 688 lo-

495 739 747 834 quitur
798 739 1101 811 honeste
1136 743 1207 811 et
1242 741 1492 810 caute:
1530 735 1700 810 dicit
1736 736 1932 811 enim
1969 736 2166 831 quod
2207 737 2440 832 neptis
2475 742 2584 810 est
2619 736 2836 829 bona,

497 858 631 933 nisi
681 859 1009 932 imitetur
1060 858 1484 950 exemplum
1535 855 1848 930 aliarum
1901 855 1995 930 de
2043 856 2263 931 domo
2314 877 2471 930 sua.
2512 857 2654 930 Per
2697 856 2838 928 hoc

499 979 694 1054 enim
746 977 870 1053 dat
903 977 1200 1073 intelligi
1235 983 1476 1071 caute,
1511 977 1709 1070 quod
1753 977 2104 1051 mulieres
2140 977 2433 1051 illorum
2475 975 2569 1050 de
2607 975 2840 1049 Flisco

505 1089 802 1173 suerunt
854 1099 1135 1173 nobiles
1186 1097 1651 1192 meretrices3
1706 1097 1966 1192 qualiS,
2016 1097 2075 1171 si
2134 1099 2329 1172 fama
2380 1118 2527 1171 non
2577 1095 2843 1170 menti-

506 1227 648 1315 tur,
684 1219 823 1292 fuit
857 1238 1048 1292 uxor
1088 1218 1283 1293 Petri
1318 1217 1411 1292 de
1445 1218 1695 1292 Russis
1729 1217 1821 1292 de
1855 1219 2148 1313 Parma,
2182 1216 2661 1292 strenuissimi
2703 1214 2843 1287 mi-

503 1340 660 1413 litis.
697 1339 883 1427 Quid
931 1339 1168 1412 dicam
1204 1337 1295 1413 de
1330 1338 1633 1412 Isabella
1668 1358 1907 1412 uxore
1940 1337 2214 1412 domini
2247 1337 2550 1413 Luchini
2585 1343 2844 1432 poten-

504 1459 753 1533 tissimi
805 1464 880 1531 et
917 1457 1298 1553 justissimi
1348 1458 1638 1553 tyranni
1689 1457 1762 1531 in
1814 1458 2301 1534 Lombardia?
2342 1460 2429 1531 Et
2480 1456 2847 1532 concludit

501 1580 900 1655 Adrianus:
937 1601 974 1651 e
1020 1586 1258 1671 questa
1298 1581 1454 1650 sola
1488 1572 1633 1651 m'e*
1675 1581 1750 1651 di
1799 1570 1871 1652 ἰὰ
1909 1583 2206 1674 rimas-a,
2246 1580 2321 1653 in
2356 1601 2504 1675 qua
2545 1598 2845 1673 sperare

503 1700 814 1795 possim3
852 1698 1024 1792 quia
1063 1698 1162 1771 illi
1211 1697 1303 1772 de
1352 1697 1572 1772 domo
1607 1719 1776 1773 mea
1809 1707 1982 1772 sunt
2012 1699 2232 1774 dediti
2272 1699 2622 1793 avaritiae,
2659 1698 2846 1772 sicut

506 1841 645 1916 ego
704 1819 828 1912 fui,
883 1824 1043 1892 tum
1109 1818 1281 1912 quia
1336 1818 1736 1914 januensis,
1788 1825 1947 1892 tum
2013 1820 2186 1914 quia
2253 1819 2612 1895 sacerdos,
2677 1819 2845 1894 Ideo

507 1961 688 2038 rogo
738 1947 833 2034 te,
887 1939 1407 2015 recommenda
1459 1960 1581 2013 me
1632 1939 1764 2013 sibi
1816 1946 1891 2014 et
1942 1941 2148 2015 bonis
2198 1941 2541 2037 operibus
2593 1943 2765 2017 suis.
