3704 5559
838 452 930 517 28
1553 458 1960 512 COMENTUM
2011 459 2454 513 PURGATonu

834 611 1022 685 sicut
1072 611 1347 685 dictum
1399 615 1510 683 est
1558 608 1771 703 plene
1821 609 2144 681 secundo
2208 609 2525 703 capitulo
2590 611 2875 685 Inferni.
2906 618 3176 686 —Ma.

831 732 960 805 Hic
1014 729 1350 826 Virgilius
1403 728 1790 821 respondet
1832 728 2088 821 primae
2140 729 2464 823 petitioni
2508 730 2821 826 CatoniS,
2859 740 2934 806 et
2985 733 3178 825 dicit,

832 852 958 945 qui
1010 857 1180 922 sunt
1231 849 1354 943 qui
1408 853 1775 922 venerunt
1825 854 2083 920 contra
2135 868 2415 921 caecum
2462 850 2776 924 flumen:
2815 859 2890 924 et
2939 852 3178 945 primo

742 1024 751 1031 „
828 971 922 1045 ad
975 969 1407 1064 captandam
1462 967 2048 1041 benevolentiam
2101 967 2474 1059 praemittit
2508 969 2705 1062 quod
2746 992 2893 1043 non
2947 978 3182 1065 potest

832 1109 1110 1185 negare
1161 1088 1355 1182 quod
1408 1087 1528 1161 ille
1578 1086 1774 1180 petit.
1830 1085 2101 1159 Ordina
2142 1086 2244 1159 sic
2280 1087 2594 1180 literam,
2630 1110 2750 1161 ma
2801 1112 2989 1163 esser
3038 1113 3182 1164 non

829 1216 1015 1300 pole,
1067 1208 1238 1302 quia
1290 1207 1504 1281 video
1564 1206 1763 1300 quod
1822 1227 1902 1281 es
1964 1227 2253 1300 magnae
2316 1209 2729 1283 autoritatis
2787 1218 2862 1284 et
2919 1212 3181 1306 amplae

833 1328 1228 1422 potestatiS,
1278 1330 1397 1401 che
1446 1331 1501 1400 il
1548 1330 1713 1416 mic,
1766 1328 2023 1421 supple
2074 1327 2282 1419 velle,
2335 1330 2399 1399 si
2447 1332 2650 1418 neylei
2697 1351 2745 1401 a
2796 1338 2857 1403 te
2915 1334 3013 1404 da
3062 1334 3182 1404 cloe

833 1443 875 1522 e*
921 1455 1035 1521 tuo
1090 1450 1282 1520 voler
1343 1450 1463 1520 cloe
1509 1443 1635 1539 pi&
1708 1450 1771 1518 si
1829 1449 2119 1538 spieqlzi,
2180 1446 2384 1540 idest,
2447 1448 2610 1541 plus
2673 1450 3047 1543 aperiatur
3107 1459 3180 1525 et

834 1567 1362 1661 manifestetur,
1415 1570 1491 1639 di
1537 1574 1784 1639 nostra
1834 1568 2233 1656 condizion,
2283 1569 2458 1638 com’
2483 1570 2619 1640 ella
2668 1565 2710 1640 e*
2756 1591 2953 1659 vera,
3007 1570 3179 1663 quia

831 1706 977 1759 non
1029 1687 1369 1761 venimus
1423 1694 1802 1780 tamquam
1858 1686 2050 1760 servi
2103 1685 2385 1781 fugitivi
2440 1694 2694 1762 contra
2750 1690 3180 1763 mandatum

828 1805 1140 1899 Domini,
1187 1807 1417 1880 fracto
1459 1826 1781 1898 carcere,
1835 1826 1975 1880 nec
2026 1826 2288 1879 sumus
2329 1806 2652 1880 damnati
2694 1828 2824 1903 per
2852 1810 3181 1903 judicem

828 1923 1256 1998 infernalem
1277 1948 1297 2018 3
1352 1925 1551 1999 unde
1590 1925 1799 1999 dicit:
1856 1927 2098 2015 questi,
2133 1926 2405 2000 scilicet
2439 1927 2708 2003 nantes
2744 1928 3181 2002 constitutus

830 2062 1084 2117 coram
1136 2044 1523 2138 praesentia
1575 2051 1727 2138 tua,
1772 2066 1926 2116 non
1976 2046 2131 2116 vide
2180 2048 2326 2116 mai
2374 2048 2417 2117 l’
2445 2049 2687 2123 ultima
2733 2058 2924 2138 sera,
2977 2047 3180 2140 idest,

834 2168 1176 2255 mortem,
1241 2162 1369 2236 sed
1436 2163 1689 2236 vivens
1751 2163 1995 2236 adhuc
2062 2163 2394 2239 transivit
2460 2185 2591 2259 per
2654 2165 3021 2240 infernum
3090 2166 3183 2240 ad

786 2360 789 2364 ,
837 2280 1253 2354 evitandam
1306 2288 1624 2354 mortem
1677 2289 2054 2355 aeternam.
2095 2282 2181 2353 Et
2217 2281 2333 2356 hic
2368 2290 2541 2357 nota
2582 2284 2778 2377 quod
2829 2285 3182 2360 catholice

837 2399 1203 2493 loquendo
1269 2401 1602 2476 homines
1668 2401 2053 2496 dupliciter
2121 2402 2567 2477 descendunt
2633 2404 2707 2476 in
2768 2404 3177 2479 infernum:

833 2519 1133 2613 quidam
1184 2520 1382 2595 enim
1433 2529 1737 2616 peccant
1773 2521 2201 2616 mortaliter,
2238 2529 2313 2596 et
2351 2522 2888 2617 impoenitentes
2930 2531 3006 2599 et
3048 2526 3183 2598 ob-

834 2641 1075 2714 stinati
1104 2641 1550 2736 moriuntur,
1587 2648 1658 2715 et
1694 2643 1875 2715 tales
1911 2663 2320 2735 numquam
2358 2643 2681 2717 evadunt
2719 2644 2813 2717 ab
2857 2644 3179 2738 inferno;

829 2760 951 2835 alii
981 2754 1054 2853 (¹)
1107 2782 1287 2837 vero
1331 2762 1701 2857 peccando
1736 2762 2144 2836 mortaliter
2186 2762 2636 2838 descendunt
2686 2764 2759 2838 in
2810 2764 3180 2840 infernum

833 2881 1196 2976 viventes,
1266 2882 1394 2956 sed
1456 2882 2048 2979 recognoscendo
2114 2884 2610 2978 culpam„per
2669 2886 3181 2986 poenitentiam

830 3000 1175 3093 evadunt,
1229 3007 1302 3075 et
1355 3001 1515 3074 talis
1569 3002 1703 3074 fuit
1751 3009 1969 3096 poeta
2019 3008 2288 3076 noster.
2345 3004 2513 3077 Ideo
2563 3003 2734 3078 dicit
2791 3005 3178 3099 Virgilius:

829 3140 948 3191 ma
992 3140 1126 3211 per
1175 3123 1249 3193 la
1296 3141 1429 3191 sua
1480 3123 1713 3212 follia,
1766 3121 1972 3215 idest,
2025 3122 2461 3217 temeritate,
2517 3127 2586 3196 vi
2639 3129 2721 3217 su
2785 3117 2847 3196 si
2899 3146 3182 3215 presSO,

832 3239 1005 3333 quia
1048 3239 1208 3333 jam
1260 3239 1556 3335 triginta
1620 3241 1951 3335 quinque
2010 3242 2219 3316 annis
2283 3250 2584 3318 steterat
2652 3252 3052 3319 contumax
3106 3245 3181 3318 in

830 3359 1168 3453 peccatis,
1220 3362 1339 3432 che
1388 3363 1597 3433 molto
1638 3382 1822 3452 poco
1875 3369 2096 3454 tempo
2160 3383 2209 3435 a
2272 3366 2515 3454 volyer
2564 3385 2717 3456 era,
2770 3366 2944 3459 quia
3001 3386 3183 3441 ava-

833 3476 998 3551 ritia
1050 3498 1370 3571 pressuS‚
1421 3485 1584 3553 erat
1633 3479 1708 3552 in
1760 3487 2100 3554 extremo
2149 3481 2475 3575 periculo
2541 3484 2797 3558 mortis
2858 3492 3181 3579 aeternae,

832 3595 967 3669 nisi
1019 3596 1363 3693 Virgilius
1415 3598 1681 3672 missus
1730 3599 1824 3673 ad
1876 3620 2047 3674 eum
2113 3601 2597 3676 succurrisset
2648 3603 2735 3677 ei.
2790 3604 2961 3679 Ideo
3011 3605 3183 3678 dicit

832 3715 1216 3812 Virgilius:
1268 3710 1329 3790 si
1395 3721 1568 3791 com’
1594 3721 1665 3790 io
1730 3722 1903 3791 dissi
1957 3723 2066 3812 fui
2130 3723 2469 3794 mandato
2519 3726 2619 3796 ad
2682 3724 3183 3817 ess0,fscilicet

830 3837 1143 3911 Dantem
1194 3858 1241 3911 a
1290 3839 1645 3933 Beatrice,
1692 3860 1825 3931 per
1890 3842 1987 3911 lui
2043 3861 2404 3932 campare,
2455 3841 2727 3919 scilicet
2773 3864 2819 3918 a
2871 3844 3185 3926 devora-

830 3958 1027 4032 tione
1077 3959 1293 4053 lupae,
1344 3977 1512 4052 quae
1556 3959 1881 4034 maxime
1945 3959 2331 4036 infestabat
2382 3981 2557 4035 eum
2611 3963 3032 4037 ultraalias
3074 3963 3182 4036 fe-

833 4098 975 4171 raS,
1028 4083 1103 4151 et
1161 4077 1379 4151 dicit:
1447 4100 1485 4151 e
1549 4099 1694 4151 non
1745 4081 1808 4150 v'
1835 4099 1965 4150 era
2030 4083 2222 4152 altra
2283 4083 2423 4173 via,
2489 4081 2761 4156 scilicet
2823 4083 3183 4156 evasionis

829 4195 1012 4288 eius,
1063 4198 1182 4268 che
1231 4205 1470 4287 questa
1508 4219 1645 4289 per
1695 4201 1768 4271 la
1816 4202 2023 4291 quale
2069 4202 2140 4272 io
2193 4204 2290 4274 mi
2336 4222 2470 4274 son
2517 4223 2760 4275 messo,
2817 4202 3021 4277 Unde
3072 4203 3183 4277 di-

828 4313 927 4387 cit
953 4304 1027 4404 (²)
1082 4313 1426 4411 Virgilius
1476 4316 1610 4389 sibi
1661 4318 1986 4391 secundo
2037 4319 2357 4414 capitulo
2406 4321 2717 4397 Inferni:
2773 4328 2831 4398 A
2889 4331 2952 4398 te
3007 4343 3179 4396 con-

953 4562 1008 4624 (¹)
1044 4562 1094 4612 S.
1127 4577 1158 4613 e
1192 4564 1252 4614 E.
1286 4564 1374 4614 alii
1406 4570 1597 4616 autem.
2013 4566 2072 4632 (')
2104 4570 2166 4619 Ε.
2201 4571 2345 4621 dixit.
