3704 5559
1171 485 1447 539 CANTus
1499 485 1811 539 DEcmus
1861 484 2201 539 ocTAvus.
2716 472 2855 538 485

513 630 785 705 amoris
861 630 959 703 ita
1034 629 1362 703 stimulat
1436 650 1599 723 θος,
1668 636 1741 703 et
1816 636 2076 705 contra
2152 636 2523 723 torporem
2595 630 2849 702 militat

508 750 729 825 ardor
780 749 1028 842 animi,
1085 749 1211 842 qui
1276 770 1448 823 cum
1509 749 1598 822 sit
1649 750 2007 844 pessimus
2066 750 2158 824 ad
2217 752 2471 843 multa,
2508 757 2617 824 est
2668 749 2857 843 opti-

512 893 677 943 mus
735 870 825 944 ad
891 870 1288 963 virtutem3
1342 892 1535 963 nam,
1598 877 1681 942 ut
1730 871 1976 943 scribit
2029 869 2512 965 Augustinus:
2575 869 2856 943 Aristo-

517 991 669 1063 tiles
728 990 840 1062 vir
903 989 1320 1063 excellentis
1398 989 1667 1084 ingenii
1735 989 2028 1082 eloquio
2079 990 2355 1063 Platoni
2433 990 2669 1084 impar
2725 988 2857 1061 de-

516 1109 958 1183 ambulando
992 1110 1363 1202 disputare
1396 1111 1695 1202 solebat,
1738 1110 1931 1183 unde
1966 1110 2123 1183 eius
2158 1116 2356 1183 secta
2389 1108 2855 1182 denominata

519 1235 631 1302 est
680 1228 1209 1322 perypatetica3
1264 1235 1338 1301 et
1396 1229 1498 1302 sic
1564 1228 1871 1302 faciebat
1902 1223 1973 1320 (¹)
2040 1229 2470 1302 exercitium
2537 1228 2859 1300 salutare

522 1347 786 1422 animae
836 1354 910 1421 et
960 1349 1268 1442 corpori.
1307 1349 1393 1420 Et
1425 1348 1749 1422 declarat
1795 1369 2097 1422 cursum
2143 1354 2217 1422 et
2250 1349 2646 1422 clamorem
2685 1348 2860 1420 isto-

521 1489 691 1541 rum
746 1488 878 1562 per
930 1473 1154 1542 unam
1210 1470 1830 1563 comparationem
1873 1469 2224 1562 pulcram.
2264 1467 2367 1541 Ad
2403 1469 2613 1541 cuius
2650 1467 2860 1540 intel-

523 1587 892 1681 ligentiam
945 1587 1167 1661 debes
1202 1587 1411 1681 scire,
1451 1588 1670 1681 quod,
1716 1588 1904 1660 sicut
1945 1593 2141 1682 patet
2175 1588 2368 1681 apud
2423 1589 2690 1660 multos
2725 1608 2862 1659 au·
2896 1639 2901 1648 ⁴

523 1713 741 1798 toreS,
809 1706 1098 1779 thebani
1169 1707 1496 1780 solebant
1573 1712 1774 1779 certo
1846 1713 2178 1800 tempore
2253 1706 2630 1780 celebrare
2681 1706 2858 1778 festa

523 1825 782 1899 Bacchi
837 1832 1168 1920 tempore
1219 1835 1619 1920 nocturno,
1675 1849 1843 1899 nam
1899 1828 2225 1901 coronati
2274 1827 2568 1920 hedera,
2623 1826 2854 1899 induti

522 1946 708 2038 pelle
757 1945 1013 2039 lincea,
1066 1952 1435 2040 portantes
1486 1948 1728 2019 hastas
1782 1946 2098 2019 virentes
2150 1945 2221 2018 in
2276 1965 2525 2039 manu,
2563 1946 2859 2018 exibant

524 2063 887 2137 civitatem
942 2066 1385 2159 Thebarum,
1421 2071 1494 2139 et
1524 2065 2017 2139 discurrentes
2051 2085 2181 2159 per
2226 2065 2415 2158 ripas
2468 2064 2858 2137 fluviorum

527 2203 832 2255 suorum
888 2204 1061 2256 cum
1114 2185 1382 2278 gaudio
1418 2192 1491 2258 et
1527 2185 1780 2258 furore
1815 2184 2252 2258 invocabant
2296 2204 2566 2258 nomen
2600 2183 2862 2257 Bacchi

529 2307 603 2373 et
652 2302 1205 2376 collaudabant:
1260 2304 1448 2377 idem
1522 2304 1882 2377 faciebant
1941 2324 2112 2376 cum
2176 2304 2490 2397 egebant
2557 2302 2725 2376 vino
2793 2310 2866 2375 et

525 2419 790 2513 pluvia,
848 2427 928 2492 ut
977 2422 1224 2495 scribit
1273 2423 1564 2496 Statius,
1602 2423 1786 2496 Dicit
1820 2443 2038 2518 ergo:
2084 2429 2157 2496 et
2209 2422 2323 2495 illa
2365 2442 2545 2515 gens
2580 2422 2863 2494 discur-

528 2542 758 2633 rebat,
811 2545 934 2631 cal,
989 2542 1191 2636 idest,
1245 2549 1392 2616 tam
1448 2543 1704 2615 festina
1756 2562 1928 2614 cum
1984 2542 2298 2634 fervore,
2351 2542 2552 2630 quale
2592 2546 2865 2612 Ismeno

529 2668 593 2732 el
639 2667 899 2752 AsopO,
952 2661 1101 2735 duo
1155 2663 1457 2736 flumina
1493 2663 1938 2755 Thebarum,
1975 2664 2128 2733 vide
2168 2652 2290 2751 9ἰά
2326 2664 2525 2753 suria
2564 2682 2600 2731 e
2641 2663 2864 2753 calca,

530 2778 730 2870 idest,
785 2781 1265 2855 festinantiam
1306 2789 1377 2856 et
1412 2781 1900 2875 frequentiam
1942 2781 2296 2875 gentium,
2333 2784 2407 2853 di
2440 2789 2620 2853 nolte
2655 2786 2866 2871 lunyo

529 2900 603 2968 di
649 2920 748 2987 se,
800 2899 1088 2993 scilicet,
1140 2922 1271 2995 per
1325 2902 1515 2995 ripas
1567 2922 1758 2993 suaS,
1805 2921 1949 2990 pur
1998 2902 2117 2972 che
2170 2902 2197 2971 i
2257 2901 2455 2972 lebam
2506 2904 2580 2972 di
2638 2907 2866 2973 Bacco

528 3037 811 3089 avesser
844 3039 1052 3109 u0p0,
1090 3019 1291 3111 idest,
1329 3019 1732 3115 indigerent
1768 3039 1907 3112 ope
1943 3019 2120 3092 eius.
2155 3020 2240 3091 Et
2276 3020 2392 3092 hic
2427 3027 2597 3093 nota
2633 3041 2869 3112 quan-

532 3144 686 3209 tum
741 3140 1187 3233 comparatio
1250 3140 1648 3213 auxiliatur
1708 3140 2116 3234 proposito:
2189 3140 2246 3212 si
2317 3140 2511 3214 enim
2577 3140 2867 3215 thebani

529 3258 930 3353 surgebant
980 3259 1071 3332 de
1122 3266 1334 3332 nocte
1384 3259 1476 3332 ad
1528 3259 1892 3332 canendas
1928 3258 2178 3333 laudes
2213 3260 2500 3352 Bacchi,
2537 3260 2664 3352 qui
2709 3259 2871 3332 fue-

534 3383 647 3449 rat
699 3387 1030 3470 repertor
1093 3377 1236 3450 vini
1303 3385 1375 3451 et
1437 3377 1808 3472 triumphi,
1864 3386 1947 3451 ut
2006 3379 2173 3452 dicit
2232 3379 2526 3472 Plinius,
2595 3386 2869 3472 quanto

535 3496 765 3590 magis
815 3497 1180 3571 christiani
1232 3498 1502 3571 debent
1553 3519 1864 3593 surgere
1898 3504 1972 3571 et
2005 3519 2312 3572 currere
2342 3490 2415 3589 (²)
2456 3499 2546 3572 ad
2601 3520 2871 3572 canen-

531 3612 659 3686 das
709 3616 961 3690 laudes
1012 3637 1192 3690 vero
1244 3618 1420 3709 De0,
1475 3617 1600 3710 qui
1665 3625 1774 3690 est
1839 3617 2049 3691 dator
2108 3617 2438 3691 omnium
2504 3617 2868 3690 bonorum

533 3741 605 3806 et
658 3735 1145 3829 triumphator
1199 3739 1591 3810 malorum.
1622 3777 1720 3789 —
1757 3744 1979 3809 Tosl0.
2047 3737 2176 3810 Hic
2236 3742 2449 3831 poeta
2512 3735 2873 3829 descripto

535 3871 761 3924 cursu
813 3854 1340 3927 accidiosorum
1395 3856 1732 3930 describit
1783 3858 2185 3929 clamorem
2231 3875 2514 3947 eorum,
2569 3862 2643 3927 et
2694 3874 2872 3927 con—

535 3970 823 4044 tinuans
874 3979 1158 4065 partem
1210 3974 1394 4067 parti
1447 3974 1647 4048 dicit:
1704 3981 1879 4047 tosto
1924 3979 2048 4066 sur
2097 3995 2318 4065 sopra
2368 3977 2510 4067 noi,
2578 3981 2652 4045 et
2703 3993 2875 4046 ecce

534 4108 859 4183 causam,
901 4088 1160 4182 perche?
1225 4097 1452 4183 quella
1519 4095 1723 4166 turba
1784 4116 2078 4185 mayna,
2140 4094 2313 4188 quia
2382 4093 2702 4167 maxima
2766 4099 2876 4166 est

535 4210 752 4282 turba
818 4211 1070 4285 talium
1142 4211 1525 4286 vitantium
1593 4215 1944 4309 laborem,
2022 4218 2085 4287 si
2152 4235 2395 4287 movea
2477 4221 2644 4287 tutta
2712 4235 2876 4286 cor-

533 4331 757 4399 rendo
783 4353 805 4398 .·
860 4335 934 4402 et
984 4338 1185 4404 certe
1236 4332 1665 4427 gravissima
1717 4355 1934 4428 poena
1986 4342 2094 4408 est
2146 4334 2293 4408 istis
2345 4335 2651 4409 assuetis
2703 4334 2871 4408 otio.

658 4512 713 4571 (¹)
748 4512 809 4561 E.
843 4511 1063 4562 faciebat
1095 4512 1320 4565 officium
1352 4515 1594 4565 salutare.

661 4584 717 4649 (¹)
751 4586 810 4636 Ε.
845 4600 1062 4637 currere
1093 4593 1146 4638 et
1180 4590 1396 4652 psallere
1428 4591 1492 4640 ad
1526 4591 1790 4641 canendas.
