3704 5559
800 491 941 559 366
1524 503 1932 558 com-:mun
1982 501 2421 556 PURGATORII

799 648 1011 722 istam
1064 649 1309 723 facere
1360 648 1656 743 longam
1708 648 2119 722 orationem
2173 646 2266 720 ad
2318 665 2420 739 se,
2473 644 2647 738 quia
2705 645 2971 719 mulier
3031 653 3141 720 est

800 769 1232 844 naturaliter
1283 771 1554 862 loquax
1624 775 1699 843 et
1756 769 2108 864 garrula3
2161 774 2236 841 et
2299 766 2433 840 ista
2496 765 2569 839 in
2630 766 2919 859 speciali
2979 774 3143 840 erat

793 909 1060 983 parum
1124 889 1466 985 prudens.
1521 888 1705 961 Dicit
1754 908 1985 983 ergo:
2039 892 2113 961 et
2165 886 2282 960 ille
2342 885 2657 981 spiritus,
2718 888 3011 977 nspose,
3066 890 3139 959 io

790 1010 898 1100 fui
942 1030 1201 1099 senese,
1253 1008 1457 1101 idest,
1509 1008 1603 1081 de
1654 1007 2010 1081 comitatu
2063 1007 2426 1080 Senarum
2473 1004 2599 1097 fui,
2653 1027 2690 1078 e
2748 1027 2881 1077 con
2930 1010 3146 1097 questi

798 1128 965 1198 altri
1010 1130 1336 1201 rimando
1385 1131 1505 1220 qui
1569 1130 1642 1199 la
1691 1130 1832 1199 vita
1892 1130 2034 1218 ria,
2086 1145 2220 1221 per
2278 1125 2550 1198 bonam
2610 1126 3138 1221 poenitentiam,

800 1248 1253 1335 layrimando
1310 1268 1360 1318 a
1419 1250 1624 1337 colui,
1675 1246 1946 1320 scilicet
2007 1246 2100 1320 ad
2164 1246 2426 1337 Deum,
2477 1247 2596 1316 che
2643 1241 2723 1319 se*
2766 1267 2852 1318 ne
2897 1250 3141 1339 presti,

799 1365 1005 1459 idest,
1056 1367 1408 1441 concedat
1458 1387 1538 1440 se
1589 1366 1983 1441 videndum
2039 1366 2264 1439 nobis.
2319 1366 2408 1437 Et
2458 1365 2629 1438 dicit
2676 1365 2874 1459 quod
2918 1386 3140 1441 suum

800 1507 1071 1560 nomen
1124 1508 1269 1561 non
1320 1487 1456 1560 fuit
1504 1507 1963 1579 consequens
2006 1487 2135 1580 rei,
2180 1487 2408 1559 immo
2444 1507 2576 1580 per
2625 1486 3140 1582 antiphrasim3

802 1607 996 1681 unde
1044 1608 1245 1681 dicit:
1297 1611 1502 1680 savia
1550 1628 1696 1679 non
1737 1611 1875 1702 sui,
1927 1629 2203 1698 aveyna
2252 1610 2371 1679 che
2421 1598 2639 1699 Sapia
2698 1610 2880 1700 sossi
2951 1608 3145 1679 chia-

799 1734 993 1799 mata
1006 1753 1037 1820 ,·
1089 1727 1301 1821 Sapia
1354 1728 1758 1801 vocabatur
1820 1727 1956 1800 ista
2007 1726 2325 1819 domina,
2377 1733 2685 1800 accentu
2739 1726 3139 1820 producto3

798 1853 873 1920 et
930 1854 1179 1921 tamen
1252 1867 1396 1920 non
1461 1847 1595 1919 fuit
1654 1847 1972 1941 sapienS,
2035 1847 2264 1919 immo
2322 1846 2663 1940 insipiens
2722 1853 2796 1921 et
2864 1846 3137 1939 insana,

798 1969 1059 2041 saltem
1111 1967 1185 2039 in
1237 1967 1373 2040 isto
1423 1973 1618 2059 actu,
1672 1974 1756 2039 ut
1806 1967 2060 2040 audies
2111 1967 2393 2057 statim3
2449 1966 2643 2041 unde
2691 1966 2897 2040 dicit:
2951 1987 2990 2039 e
3030 1969 3143 2060 fia·

796 2090 979 2176 deqli
1027 2089 1242 2159 altrui
1288 2090 1534 2177 dauni,
1585 2086 1790 2179 idest,
1844 2087 2193 2180 adversis,
2239 2083 2362 2178 pite
2420 2090 2580 2160 lieca
2628 2091 2824 2160 assai
2884 2091 3002 2161 che
3068 2090 3148 2161 di

798 2213 1090 2279 ventura
1140 2210 1309 2295 mia,
1360 2205 1629 2279 scilicet
1678 2226 2050 2299 prospera,
2112 2207 2310 2299 quod
2360 2214 2471 2310 est
2520 2207 2904 2302 proprium
2955 2207 3143 2282 invi-

798 2324 955 2397 diae.
977 2330 1160 2415 —E
1178 2322 1448 2417 perche‘.
1486 2324 1616 2398 Hic
1651 2326 1872 2421 longo
1909 2347 2253 2401 sermone
2287 2328 2501 2422 Sapia
2537 2335 2789 2402 narrat
2823 2328 3140 2404 formam

798 2465 954 2517 suae
1024 2444 1481 2539 malignantis
1551 2444 1858 2519 invidiae.
1927 2446 2015 2519 Et
2081 2446 2174 2520 ad
2243 2447 2789 2543 intelligentiam
2858 2448 3137 2522 claram

803 2563 1005 2637 istius
1081 2564 1311 2637 literae
1386 2564 1608 2639 debes
1636 2558 1709 2656 (¹)
1781 2586 2199 2640 memorare
2258 2567 2457 2661 illud,
2528 2567 2725 2661 quod
2784 2567 3141 2663 scriptum

802 2691 913 2758 est
961 2706 1182 2778 supra
1223 2685 1539 2779 capitulo
1575 2686 1672 2758 XI
1705 2687 2141 2784 Purgatorii,
2180 2687 2271 2761 de
2306 2688 2786 2762 Provinciano
2811 2688 3135 2785 Silvano,

802 2806 929 2898 qui
978 2826 1153 2879 cum
1204 2805 1520 2879 venisset
1572 2827 1745 2879 cum
1798 2807 1949 2880 suis
2009 2809 2435 2882 senensibus
2497 2816 2754 2883 contra
2814 2817 3141 2884 castrum

798 2924 1184 3014 comitatus
1235 2923 1640 3019 Florentiae,
1695 2926 1895 3019 quod
1945 2926 2209 3000 dicitur
2260 2928 2482 3021 Colle,
2517 2929 2655 3001 ista
2690 2929 2988 3004 domina
3022 2951 3146 3005 ar-

799 3045 977 3119 dens
1026 3045 1194 3118 odio
1245 3046 1689 3139 senensium,
1726 3067 1816 3119 ex
1873 3048 2026 3120 sola
2078 3047 2344 3123 invidia
2385 3039 2623 3142 posuit
2672 3070 2752 3124 se
2801 3049 2894 3123 ad
2945 3050 3147 3124 fene·

799 3172 1028 3237 stram
1082 3164 1301 3237 unius
1352 3166 1591 3259 palatii
1647 3166 1720 3239 in
1775 3173 2017 3240 castro
2070 3188 2206 3241 suo
2260 3169 2433 3241 satis
2467 3168 2706 3242 vicino
2747 3169 2906 3244 loeo
2954 3169 3145 3263 belli,

804 3290 1196 3375 expectans
1255 3291 1634 3378 eventum,
1686 3292 1760 3359 et
1821 3293 2081 3380 optans
2133 3288 2392 3362 audire
2457 3288 2749 3362 ruinam
2810 3307 3145 3364 suorum.

803 3399 1067 3474 Audito
1118 3391 1299 3496 ergo
1352 3424 1656 3478 rumore
1706 3405 1996 3480 sinistro
2055 3408 2433 3482 conflictus
2500 3415 2575 3483 et
2650 3416 2892 3485 morte
2943 3410 3151 3485 ducis

809 3520 1243 3615 miseranda,
1295 3523 1633 3598 exultans
1682 3526 1953 3619 gaudio
2007 3527 2391 3622 immenso,
2449 3530 2697 3603 animo
2750 3530 3146 3626 gratulanti

806 3641 1041 3716 erexit
1088 3650 1308 3736 caput
1358 3650 1641 3717 temere
1689 3652 1945 3719 contra
1997 3650 2297 3742 coelum,
2349 3656 2423 3723 et
2471 3649 2687 3723 dixit:
2741 3650 2834 3724 sit
2882 3651 2974 3725 de
3024 3670 3150 3727 me

807 3763 1075 3836 amodo
1127 3761 1477 3856 quidquid
1534 3765 1714 3858 vult,
1780 3772 1856 3838 et
1906 3766 2120 3840 faciat
2181 3767 2354 3840 mihi
2398 3769 2596 3843 Deus
2655 3790 2878 3863 quam
2941 3770 3150 3865 peius

804 3890 1071 3978 potest,
1135 3883 1308 3977 quia
1375 3884 1642 3958 amodo
1713 3886 1959 3959 vivam
2029 3888 2218 3981 laeta,
2287 3895 2360 3962 et
2430 3890 2706 3964 moriar
2780 3897 3146 3967 contenta.

802 4005 1010 4077 Modo
1063 4004 1154 4077 ad
1204 4005 1655 4099 propositum
1709 4006 1844 4081 ista
1895 4008 2109 4102 Sapia
2172 4009 2265 4082 ad
2315 4011 2903 4085 confirmandum
2950 4011 3151 4106 quod

801 4122 1109 4216 dixerat,
1160 4124 1400 4218 primo
1450 4126 1789 4219 proponit
1837 4148 2063 4199 suum
2114 4127 2369 4202 fallum
2408 4130 2480 4203 in
2515 4131 2865 4227 generali,
2900 4131 3149 4232 dicens

802 4243 1053 4316 Danti:
1104 4265 1143 4316 e
1186 4241 1442 4335 perche*
1495 4253 1564 4318 tu
1614 4267 1760 4318 non
1807 4249 2004 4320 credi
2049 4251 2151 4320 ck’
2176 4252 2246 4322 io
2292 4253 2337 4322 ι’
2361 4253 2680 4346 inyanni,
2724 4254 2846 4326 odi
2889 4273 2966 4325 se
3008 4254 3146 4347 sui,

803 4367 1062 4446 com’io
1097 4367 1149 4435 ti
1178 4367 1361 4456 dice,
1390 4369 1583 4459 folle,
1620 4365 1822 4460 idest,
1851 4371 2265 4443 temeraria.
2304 4372 2393 4444 Et
2443 4379 2801 4467 aggravat
2844 4372 3147 4463 factum,

930 4623 983 4685 (¹)
1017 4624 1077 4674 E.
1112 4624 1266 4675 debes
1297 4625 1432 4675 scire
1462 4631 1517 4677 et
1545 4639 1859 4678 memorare.
