3704 5559
795 493 935 559 260
1522 501 1931 557 coMEN'rUM
1980 503 2418 557 PURGATonn

793 649 1038 743 storia,
1090 671 1127 722 e
1175 670 1319 721 non
1365 649 1679 740 sapendo
1729 637 1803 720 ld
1863 650 2038 721 dove
2098 651 2163 720 si
2216 652 2430 740 fosse,
2482 646 2655 740 quia
2718 654 3139 724 mutaverat

790 771 1035 844 locum
1056 794 1075 862 3
1129 769 1323 843 unde
1373 767 1581 842 dicit:
1637 770 1922 859 quando
1975 771 2047 840 la
2097 770 2370 859 madre,
2420 767 2714 861 scilicet,
2752 768 2995 842 Thetis
3046 767 3140 841 ti-

791 910 999 964 mens
1049 889 1515 985 praesagium,
1569 879 1939 980 transsuyo
1985 889 2107 978 lui,
2143 887 2349 981 idest,
2387 887 2654 961 furtive
2690 894 2764 962 et
2799 888 3137 962 celeriter

790 1010 1179 1101 transtulit,
1233 1010 1647 1098 dormendO,
1698 1007 1905 1101 idest,
1957 1006 2470 1101 dormientem,
2521 1010 2597 1080 in
2648 1011 2709 1080 le
2758 1029 2879 1080 sue
2929 1009 3136 1080 brac-

788 1132 926 1220 cia,
979 1150 1125 1203 non
1177 1128 1402 1202 fidens
1453 1127 1918 1202 committere
1971 1127 2176 1201 illum
2226 1128 2460 1221 alteri,
2496 1130 2595 1199 da
2643 1130 2962 1219 Chirone,
2997 1129 3139 1204 sci-

789 1248 978 1340 licet,
1031 1255 1387 1321 centauro
1440 1247 1805 1321 nutritore
1869 1268 2031 1340 suo,
2083 1269 2131 1319 α
2193 1250 2466 1339 Schiro,
2537 1248 2853 1323 insulam
2932 1247 3138 1322 Arci-

789 1367 1050 1463 pelagi,
1129 1358 1201 1440 ld
1265 1370 1521 1458 donde,
1584 1366 1787 1461 idest,
1850 1367 1944 1440 de
2004 1387 2150 1459 qua
2220 1367 2480 1460 insula,
2541 1370 2592 1440 li
2650 1370 2846 1459 yreci
2898 1371 3025 1460 poi
3083 1371 3141 1442 il

789 1490 1167 1580 diparcirO,
1210 1488 1480 1562 scilicet
1518 1487 1784 1583 Ulyxes
1822 1494 1897 1561 et
1931 1487 2340 1581 DiomedeS,
2377 1488 2502 1581 qui
2545 1488 2919 1563 duxerunt
2960 1509 3132 1562 eum

787 1608 881 1682 ad
933 1607 1339 1682 exercitum
1392 1627 1810 1702 graecorum
1864 1607 1956 1680 ad
2012 1614 2327 1682 mortem
2379 1608 2841 1701 destinatam,
2883 1630 2929 1682 a
2988 1628 3135 1701 qua

788 1733 1028 1802 mater
1079 1729 1351 1801 frustra
1403 1727 1809 1800 conabatur
1862 1727 2178 1801 liberare
2232 1749 2449 1819 eum,
2492 1729 2612 1799 clze
2662 1731 2758 1799 mi
2803 1730 3016 1800 scoss’
3038 1730 3134 1819 io,

787 1850 1079 1943 scilicet,
1114 1871 1159 1922 a
1211 1870 1470 1923 somno
1508 1855 1581 1921 et
1616 1848 1951 1943 evigilavi
1988 1840 2087 1941 (¹),
2123 1840 2182 1920 si
2235 1870 2426 1921 come
2459 1852 2515 1921 il
2541 1870 2765 1921 sonno
2813 1853 2909 1921 mi
2934 1843 3135 1941 suyyi

789 1973 984 2044 dalla
1029 1972 1285 2063 faccia,
1323 1968 1496 2060 quia
1530 1967 1789 2061 aperui
1827 1968 2082 2041 oculos
2137 1969 2338 2064 prius
2389 1969 2702 2061 clauSOS,
2744 1991 2782 2041 e
2830 1971 3135 2041 divencai

789 2096 1085 2178 smortO,
1137 2088 1458 2162 novitate
1512 2088 1617 2161 rei
1685 2088 2036 2160 mirabilis
2112 2110 2155 2161 a
2235 2089 2472 2181 simili,
2527 2110 2717 2161 come
2769 2094 2853 2182 sa
2904 2091 3135 2162 l’uom

787 2212 907 2283 che
938 2215 1345 2300 spaventato
1380 2210 1809 2299 ayylziaccia.
1850 2209 1935 2279 Et
1981 2208 2094 2281 hic
2122 2216 2293 2282 nota
2336 2218 2697 2302 quantum
2734 2212 2892 2285 haec
2927 2210 3134 2285 nobi-

791 2329 875 2402 lis
915 2328 1366 2423 comparatio
1407 2319 1608 2418 est(²)
1638 2327 2131 2422 propriissima
2171 2349 2305 2422 per
2345 2350 2602 2403 omnes
2643 2341 2887 2425 partes
2922 2351 3129 2404 suas:

786 2449 1027 2524 Thetis
1079 2449 1274 2523 enim
1329 2450 1464 2523 dea
1522 2448 1832 2522 removit
1885 2448 2234 2521 Achillem
2296 2470 2341 2521 a
2401 2449 2716 2524 Chirone
2780 2452 3130 2548 magistro

786 2594 946 2666 suo,
999 2579 1072 2646 et
1122 2571 1416 2644 domina
1468 2569 1603 2642 ista
1654 2570 1919 2663 divina,
1972 2569 2242 2642 scilicet
2292 2571 2516 2644 Lucia
2572 2571 2885 2646 removit
2936 2573 3130 2644 Dan-

784 2700 935 2767 tem
987 2713 1033 2765 a
1084 2689 1382 2788 Virgilio
1436 2689 1787 2786 magistro
1840 2710 1999 2782 suo,
2038 2689 2164 2781 qui
2220 2689 2406 2762 sicut
2443 2690 2710 2764 Chiron
2748 2691 2948 2764 novit
3000 2711 3133 2765 na-

783 2820 989 2888 turas
1049 2832 1441 2905 equorum,
1504 2811 1932 2903 bestiarum,
1997 2812 2380 2904 arborum,
2450 2811 2878 2906 herbarum,
2946 2811 3132 2885 sicut

781 2938 980 3028 patet
1030 2952 1121 3005 ex
1177 2931 1362 3003 libro
1413 2929 1952 3021 Bucolicorum,
1992 2928 2128 3001 sub
2182 2950 2330 3021 quo
2382 2930 2651 3004 Dantes
2701 2930 2944 3004 didicit
2997 2949 3134 3002 no-

782 3052 961 3126 biles
1013 3070 1282 3141 moreS,
1335 3049 1521 3122 sicut
1570 3047 1881 3122 Achilles
1933 3049 2069 3120 sub
2122 3047 2472 3141 Chirone3
2526 3055 2600 3123 et
2651 3050 2839 3122 sicut
2890 3055 3133 3123 mater

780 3170 1068 3244 Achillis
1103 3168 1377 3242 solicita
1412 3168 1504 3241 de
1532 3168 1766 3242 salute
1804 3167 1950 3260 filii,
1981 3188 2072 3241 ne
2101 3168 2238 3241 iret
2262 3168 2667 3242 moriturus
2694 3169 2786 3243 ad
2813 3169 3132 3263 Troiam,

784 3288 1150 3363 transtulit
1199 3289 1438 3382 ipsum
1491 3287 1583 3361 de
1633 3288 1889 3381 pulcra
1941 3308 2259 3361 caverna
2311 3288 2404 3362 ad
2457 3290 2701 3363 locum
2758 3296 3004 3363 tutum
3057 3296 3133 3365 et

783 3408 1117 3503 quietum
1139 3432 1158 3500 3
1214 3408 1311 3481 ita
1353 3407 1486 3481 ista
1522 3408 1641 3502 pia
1679 3414 1916 3481 mater
1953 3408 2173 3480 Lucia
2215 3408 2491 3482 solicita
2526 3409 2618 3483 de
2656 3410 2893 3483 salute
2926 3409 3147 3483 istius·

782 3530 928 3623 filii,
966 3550 1060 3603 ne
1111 3528 1249 3602 iret
1301 3527 1708 3603 moriturus
1754 3527 1844 3600 ad
1884 3529 2358 3622 voluptatem,
2404 3530 2770 3603 transtulit
2812 3551 2987 3604 eum
3038 3529 3133 3604 ad

780 3650 1028 3724 locum
1084 3655 1327 3724 tutum
1365 3654 1438 3721 et
1472 3646 1843 3720 munitum
1881 3649 2307 3743 purgatorii.
2347 3650 2433 3721 Et
2467 3649 2653 3722 sicut
2695 3649 3132 3723 fortissimus

780 3770 1090 3845 Achilles
1117 3769 1466 3865 evigilans
1501 3767 1948 3862 stupefactus
1983 3774 2092 3842 est
2128 3774 2325 3841 totus
2352 3768 2604 3844 videns
2637 3770 2886 3844 omnia
2912 3791 3127 3864 nova,

782 3898 856 3966 et
907 3892 1139 3966 sactus
1191 3898 1300 3965 est
1352 3911 1627 3983 novus3
1665 3890 1762 3962 ita
1800 3889 2337 3963 valentissimus
2375 3898 2587 3984 poeta
2630 3892 2898 3965 Dantes
2935 3899 3132 3968 totus

782 4018 892 4087 est
941 4011 1290 4087 attonitus
1319 4002 1416 4103 (³).
1445 4016 1688 4083 —Da
1737 4014 1901 4083 ῖαιο.
1947 4010 2076 4083 Hic
2127 4018 2340 4104 poeta
2394 4012 2707 4085 ostendit
2757 4012 3132 4105 quomodo

783 4135 856 4208 in
907 4141 1108 4209 tanto
1159 4133 1380 4207 dubio
1432 4132 1654 4207 suerit
1705 4131 2183 4206 confirmatus
2243 4152 2286 4204 a
2353 4132 2650 4228 Virgilio
2722 4132 2908 4207 sicut
2970 4140 3133 4208 erat

783 4253 1034 4327 solitus
1084 4253 1156 4326 in
1216 4253 1416 4326 omni
1478 4260 1765 4327 terrore
1797 4239 1893 4343 (⁸).
1949 4250 2152 4325 Unde
2217 4250 2433 4325 dicit:
2502 4258 2618 4325 Da
2679 4255 2820 4324 lato
2884 4255 3132 4325 m’era

783 4375 934 4446 solo
980 4374 1038 4445 il
1083 4375 1221 4461 mio
1272 4376 1618 4464 conforto,
1672 4370 1963 4463 scilicet,
2010 4369 2350 4466 Virgilius
2386 4372 2512 4465 qui
2556 4379 2854 4445 secutus
2888 4372 3132 4447 suerat

907 4558 964 4619 (¹)
997 4556 1058 4606 E.
1091 4556 1314 4619 vigilavi.
1939 4554 1994 4617 (²)
2031 4560 2137 4617 117,
2171 4562 2248 4606 est
2282 4559 2592 4608 nobilissima
2624 4563 2678 4607 et
2711 4558 3079 4621 propriissimn.

913 4634 967 4696 (⁸)
1001 4637 1108 4694 117,
1142 4632 1389 4683 attonitus
1420 4636 1473 4683 et
1505 4636 1750 4683 mutatus.
1939 4632 1991 4694 (⁸)
2026 4633 2087 4681 E.
2121 4636 2325 4682 terrore
2356 4634 2668 4685 confirmari.
2701 4633 2863 4685 Unde.
