3704 5559
881 452 1023 516 456
1599 461 2006 515 coMEN'rUM
2059 460 2495 513 PURGAToRn

875 606 1129 701 filium,
1183 612 1257 680 et
1306 606 1602 703 triginta
1652 606 1954 681 fratres:
2012 613 2258 680 tamen
2323 612 2536 701 poeta
2607 612 2852 680 noster
2918 606 3053 680 fuit
3105 607 3219 682 hic

873 734 1258 803 contentus
1311 727 1554 801 dicere
1605 727 1698 800 de
1751 748 1897 801 una
1947 727 2057 801 ira
2109 727 2493 822 foeminea3
2541 748 2713 800 nam
2768 727 3034 802 mulier
3087 748 3217 801 na-

874 848 1210 922 turaliter
1264 855 1372 922 est
1424 847 1856 921 clementior
1908 868 2134 941 quam
2174 847 2309 941 vir,
2345 853 2419 921 et
2456 846 2690 942 magis
2729 846 2956 943 diligit
2989 846 3214 920 filium

876 989 1100 1062 quam
1154 974 1382 1061 pater.
1437 967 1705 1040 Ordina
1769 967 1872 1040 sic
1929 967 2259 1041 literam:
2327 970 2371 1039 Γ
2398 988 2633 1058 orma,
2699 966 2902 1060 idest,
2957 967 3213 1063 figura,

873 1091 1058 1161 della
1109 1091 1492 1180 empiezza,
1547 1086 1786 1181 impiae
1838 1087 2308 1181 crudelitatiS,
2357 1090 2431 1160 di
2481 1091 2593 1178 lei,
2628 1087 2921 1181 scilicet,
2959 1087 3217 1162 mulie-

875 1208 975 1281 ris
1026 1208 1338 1303 Progne,
1389 1211 1508 1280 che
1558 1203 1742 1279 muco
1774 1212 2046 1302 forma,
2081 1207 2255 1301 quia
2283 1201 2355 1298 (¹)
2411 1228 2768 1281 conversa
2821 1213 2929 1280 est
2981 1206 3054 1279 in
3108 1207 3217 1280 hi-

876 1327 1301 1421 rundinem;
1354 1326 1517 1400 ideo
1566 1326 1773 1400 dicit:
1826 1330 1983 1400 nell'
2010 1330 2198 1400 uccel
2252 1330 2371 1400 che
2426 1349 2473 1398 a
2531 1335 2784 1401 cantur
2829 1322 2953 1419 pi&
3001 1329 3064 1398 si
3110 1330 3219 1399 di-

874 1452 1082 1541 lecta5
1136 1447 1306 1540 quia
1359 1447 1673 1520 hirundo
1726 1447 1890 1542 plus
1940 1448 2133 1521 canit
2183 1447 2372 1521 intra
2440 1454 2627 1521 tecta
2689 1447 3074 1520 hominum
3124 1447 3218 1521 ad

875 1570 1312 1644 memoriam
1367 1589 1673 1642 suorum
1737 1569 2105 1662 dolorum,
2163 1574 2240 1641 ut
2299 1568 2468 1641 alibi
2534 1569 2806 1642 dictum
2868 1579 2999 1662 est,
3051 1569 3220 1643 licet

873 1688 1272 1763 Philomela
1323 1688 1607 1762 dulcius
1659 1695 1893 1781 canat,
1948 1709 2115 1782 quae
2186 1687 2322 1761 fuit
2383 1707 2594 1761 soror
2662 1688 2843 1781 eiuS,
2904 1710 3219 1780 appar-ve

870 1814 1028 1884 nell'
1053 1813 1358 1901 imayine
1408 1813 1579 1901 mia,
1617 1811 1797 1884 idest
1844 1809 1917 1882 in
1965 1808 2454 1904 imaginativa.
2500 1809 2588 1884 Et
2628 1809 2742 1882 hic
2787 1816 2982 1904 nota,
3019 1811 3217 1903 quod

872 1930 1092 2004 huius
1143 1929 1431 2024 fabulae,
1485 1950 1654 2024 quae
1714 1929 1944 2024 posita
2009 1939 2121 2004 est
2182 1929 2395 2023 plene
2460 1950 2683 2023 supra
2743 1929 3056 2024 capitulo
3114 1930 3216 2002 IX

872 2049 1225 2143 allegoria
1276 2056 1386 2121 est
1436 2056 1570 2122 etc.
1626 2050 1714 2121 Et
1778 2049 2021 2122 subdit
2089 2048 2283 2141 quod
2348 2068 2440 2122 ex
2500 2047 2635 2122 ista
2699 2048 3218 2145 imaginatione

873 2167 1351 2239 *abstractus
1403 2174 1513 2240 est
1562 2167 1822 2240 fortius
1888 2168 1961 2239 in
2019 2168 2263 2261 aliam,
2317 2167 2599 2240 dicens:
2667 2171 2881 2259 quivi,
2957 2169 3027 2241 in
3081 2168 3217 2243 ista

872 2285 1443 2381 imaginatione*
1467 2278 1538 2377 (²)
1579 2287 1843 2379 prima,
1880 2291 1952 2359 la
1999 2293 2217 2358 mente
2249 2289 2392 2358 mia
2437 2290 2518 2380 fu
2550 2280 2610 2361 si
2643 2291 2975 2380 ristrecca,
3013 2289 3215 2382 idest,

875 2414 1026 2479 tam
1081 2405 1363 2480 sortiter
1413 2407 1802 2500 abstracta,
1855 2409 2102 2479 dentro
2169 2408 2266 2478 da
2323 2430 2420 2498 se,
2473 2411 2593 2480 che
2649 2429 2818 2481 cosa
2868 2409 2986 2482 che
3030 2414 3218 2503 fosse

874 2529 1063 2599 allor
1112 2529 1354 2599 ricetta
1388 2528 1486 2599 da
1526 2530 1636 2617 lei,
1688 2526 1894 2620 idest,
1935 2527 2132 2620 quod
2186 2548 2305 2601 res
2346 2548 2513 2620 quae
2550 2528 3005 2623 reciperetur
3042 2537 3217 2604 tunc

871 2648 966 2721 ab
1018 2668 1105 2721 ea
1158 2668 1289 2742 per
1321 2639 1392 2739 (³)
1447 2647 2070 2743 imaginationem,
2112 2668 2259 2720 non
2311 2650 2514 2720 venia
2565 2651 2638 2720 di
2679 2651 2876 2741 faor,
2921 2650 3216 2745 scilicet,

869 2790 914 2842 a
965 2768 1318 2843 sensibus.
1347 2771 1621 2842 —Poi.
1676 2767 1806 2841 Hic
1858 2773 2071 2863 poeta
2127 2767 2355 2865 tangit
2405 2767 2811 2842 secundum
2871 2769 3216 2845 ess'ectum

870 2889 999 2962 irae
1050 2890 1400 2983 peiorem,
1455 2908 1623 2982 quae
1674 2888 1776 2963 sic
1826 2887 2194 2963 interdum
2250 2887 2654 2961 inflammat
2700 2889 3096 2984 hominem,
3137 2898 3217 2964 ut

867 3029 1001 3104 pro
1054 3029 1203 3082 uno
1256 3016 1330 3082 et
1385 3028 1526 3081 una
1582 3029 1811 3102 parva
1857 3007 2122 3080 iniuria
2158 3007 2331 3080 velit
2365 3007 2675 3100 perdere
2716 3014 3016 3081 centum
3055 3009 3217 3082 mil-

871 3130 962 3203 lia
1016 3131 1510 3203 innocentum.
1549 3129 1637 3200 Et
1664 3116 1738 3219 (¹⁵)
1782 3129 1971 3201 hanc
2007 3127 2381 3201 historiam
2420 3128 2591 3201 satis
2629 3135 2903 3223 notam,
2938 3129 3028 3202 de
3062 3150 3212 3221 qua

869 3259 980 3324 est
1029 3248 1357 3344 specialis
1408 3248 1591 3320 liber
1645 3247 1716 3319 in
1776 3246 2001 3320 Sacra
2060 3246 2456 3342 Scriptura,
2521 3248 2846 3323 breviter
2906 3254 2978 3323 et
3038 3269 3211 3323 suc-

868 3365 1101 3439 cincte
1137 3385 1592 3459 percurram.
1622 3365 1823 3438 Sicut
1850 3385 2031 3462 ergo
2060 3373 2293 3460 potest
2328 3366 2566 3464 colligi
2602 3368 2673 3439 in
2710 3368 2895 3442 lihro
2928 3370 3210 3464 Esther,

869 3493 944 3561 et
995 3507 1089 3559 ex
1138 3486 1451 3579 Josepho
1503 3484 1687 3558 libro
1739 3485 2298 3580 Antiquitatum,
2364 3487 2726 3562 Assuerus
2780 3510 2905 3564 rex
2962 3511 3213 3584 persa-

869 3627 1040 3680 rum
1092 3604 1635 3702 potentissimus
1687 3604 1760 3678 in
1811 3605 1999 3679 Susa
2050 3606 2286 3700 capite
2337 3607 2545 3703 regni
2605 3608 2740 3702 sui,
2795 3609 2963 3684 fecit
3019 3611 3214 3685 cele-

868 3728 1279 3803 berrimum
1333 3724 1752 3800 convivium
1789 3726 2132 3799 omnibus
2167 3726 2611 3821 principibus
2644 3727 3001 3822 praefectis
3041 3750 3217 3824 pro-

869 3848 1281 3923 vinciarum
1311 3869 1620 3923 suarum
1651 3854 1733 3921 ut
1759 3849 2179 3923 ostenderet
2194 3849 2623 3942 jactantiam
2653 3853 2995 3945 potentiae
3022 3874 3212 3926 suae:

868 3968 985 4042 die
1060 3969 1366 4063 septimo
1444 3968 1756 4042 convivii
1831 3969 2065 4043 factus
2127 3970 2427 4043 hilarior
2479 3970 2650 4045 vino
2709 3973 3077 4067 praecepit,
3131 3980 3216 4046 ut

868 4089 1122 4185 regina
1161 4089 1456 4163 nomine
1489 4087 1739 4163 Vasthi
1777 4088 2373 4164 introduceretur
2416 4110 2668 4164 coram
2722 4092 3209 4187 multitudine,

990 4273 1044 4332 (¹)
1077 4272 1128 4321 S.
1162 4287 1279 4335 quae
1312 4287 1559 4323 conversa
1589 4280 1686 4324 est.

989 4346 1043 4408 (²)
1075 4347 1148 4396 Le
1181 4349 1360 4409 parole
1392 4348 1474 4398 fra
1507 4350 1524 4398 i
1556 4350 1657 4400 due
1688 4350 1955 4400 asterischi
1989 4362 2116 4400 sono
2149 4350 2234 4401 del
2266 4350 2452 4402 Codice
2487 4356 2595 4403 117.

994 4420 1046 4483 (⁸)
1084 4426 1190 4483 117,
1224 4423 1287 4471 ab
1319 4437 1377 4473 ea
1411 4425 1627 4474 interius
1659 4439 1752 4489 per
1784 4426 2220 4488 imaginationem.

991 4499 1045 4563 (⁸)
1077 4500 1139 4550 E.
1174 4500 1240 4551 Et
1288 4502 1400 4551 hmo
1452 4502 1664 4553 historia
1713 4503 1835 4553 satis
1883 4508 2006 4552 nota
2055 4507 2150 4563 est,
2192 4503 2257 4552 de
2289 4517 2392 4567 qua
2424 4508 2502 4554 est
2535 4504 2771 4567 specialis
2803 4504 2934 4555 liber
2964 4506 3018 4554 in
3050 4503 3208 4555 Sacra

865 4577 1147 4640 Scriptura,
1171 4591 1328 4641 quam
1360 4578 1696 4630 nihilominus
1719 4593 1812 4643 per
1835 4578 2081 4629 effectum
2104 4579 2242 4630 illius
2265 4580 2490 4633 breviter
2512 4586 2566 4631 et
2589 4583 2849 4632 succincte
2881 4593 3209 4643 percurram.
