3704 5559
831 508 974 576 238
1548 518 1957 575 COMENTUM
2007 517 2450 574 PURGATORH

824 671 934 744 Dii
987 670 1294 744 scientes
1348 670 1623 742 bonum
1660 676 1737 743 et
1773 670 2096 762 malum3
2135 689 2261 741 era
2297 670 2393 739 da
2429 669 2657 758 quella
2687 674 2898 758 parte
2930 675 3179 759 aperta

822 793 1003 863 onde
1052 793 1125 863 la
1167 791 1552 882 piccioletca
1605 791 1808 880 valle,
1846 795 2153 881 semota,
2191 789 2448 861 cavata
2484 787 2558 857 in
2598 793 2849 862 monte
2900 786 2974 859 in
3027 808 3177 880 qua

824 910 1112 985 stabant
1161 910 1429 984 animae
1480 909 1815 984 virorum
1873 908 2287 1001 illustrium,
2342 928 2486 979 non
2527 908 2619 978 Ιια
2659 909 2938 998 riparo,
2974 906 3178 1001 idest,

828 1030 1002 1124 quia
1056 1052 1202 1104 non
1254 1030 1472 1105 habet
1524 1036 1854 1105 montem
1916 1029 2354 1125 oppositum,
2410 1049 2558 1101 non
2617 1028 2913 1121 aliquod
2976 1028 3181 1103 clau-

829 1155 1069 1223 strum
1120 1151 1235 1225 vel
1302 1151 1810 1244 obstaculum,
1866 1151 2023 1223 vult
2083 1149 2350 1242 dicere,
2405 1147 2602 1242 quod
2668 1168 2969 1243 serpens
3034 1169 3183 1224 non

833 1265 1173 1344 veniebat
1207 1270 1523 1364 desuper
1557 1290 1690 1366 per
1727 1277 2082 1364 montem,
2118 1289 2255 1344 nec
2289 1270 2384 1343 ab
2419 1269 2667 1362 aliquo
2702 1269 2933 1343 latere
2966 1290 3183 1344 mon-

835 1391 946 1485 tis,
989 1390 1117 1464 ubi
1154 1396 1363 1484 erant
1397 1392 1547 1466 duo
1581 1391 1821 1487 angeli
1858 1390 2125 1465 armati
2158 1389 2616 1464 lucidissimis
2651 1389 2893 1484 spatiS,
2930 1410 3183 1483 prom-

830 1511 930 1607 pti
983 1510 1078 1585 ad
1125 1511 1649 1605 defensionem,
1702 1511 1829 1586 sed
1892 1512 2131 1585 solum
2200 1509 2538 1584 veniebat
2599 1530 2859 1583 versus
2909 1509 3179 1583 ostium

833 1632 1039 1706 vallis
1104 1652 1238 1726 per
1305 1632 1497 1705 viam
1558 1633 1876 1726 planam,
1930 1631 2344 1706 herbosam.
2400 1631 2485 1702 Et
2548 1636 2717 1704 nota
2783 1629 2983 1723 quod
3047 1630 3184 1704 sub

830 1750 968 1826 ista
1020 1753 1274 1845 pulcra
1327 1751 1616 1827 fictione
1656 1759 1872 1846 poeta
1908 1752 2179 1848 figurat
2220 1752 2599 1825 moraliter
2642 1751 2838 1844 quod
2881 1750 3185 1825 tentatio

832 1873 1323 1968 principaliter
1374 1872 1646 1947 invadit
1697 1873 2072 1947 hominem
2133 1872 2228 1946 ab
2281 1893 2369 1947 ea
2422 1878 2656 1966 parte,
2711 1893 2857 1966 qua
2909 1871 3185 1946 invenit

833 2012 1009 2067 eum
1088 1992 1322 2088 magis
1397 1991 1876 2065 immunitum
1949 1999 2024 2066 et
2099 1993 2548 2087 imparatum
2591 1986 2689 2084 (¹),
2756 1992 2929 2086 quia
2995 1990 3187 2066 scili-

834 2117 951 2186 cet
999 2111 1330 2184 diabolus
1381 2111 1761 2185 luxurioso
1814 2111 2127 2192 ostendit
2177 2113 2510 2208 pulcram
2565 2112 2965 2206 l'oeminam,
3019 2131 3186 2206 quae

834 2230 1056 2305 habet
1107 2251 1453 2327 magnam
1506 2236 1941 2324 potestatem
1992 2231 2066 2304 in
2117 2232 2542 2324 hominem,
2595 2252 2825 2306 avaro
2876 2230 3189 2305 ostendit

839 2372 1188 2446 mag-nam
1241 2351 1653 2445 pecuniam,
1692 2372 1860 2445 quae
1910 2351 2155 2425 omnia
2208 2359 2445 2446 potest
2476 2344 2573 2444 (²).
2621 2351 2971 2426 Veniebat
3007 2370 3189 2447 ergo

844 2471 1136 2546 daemon
1191 2491 1385 2545 nunc
1447 2477 1779 2545 armatus
1833 2471 1925 2544 ad
1992 2471 2422 2546 tentandum
2484 2472 2656 2546 istos
2717 2471 2992 2546 nobiles
3041 2471 3190 2567 spi-

847 2593 1033 2667 ritus
1074 2593 1293 2667 variis
1344 2591 1890 2667 delectabilibus
1922 2582 2021 2686 (³),
2073 2599 2249 2687 puta
2306 2615 2538 2666 unum
2587 2592 2905 2688 luxuria,
2958 2592 3187 2666 alium

843 2712 1189 2810 potentia,
1267 2712 1493 2788 alium
1558 2712 1841 2809 gloria3
1919 2712 2116 2788 unde
2188 2712 2402 2788 dicit:
2471 2716 2542 2786 la
2619 2716 2811 2787 mala
2885 2713 3189 2813 striscia,

842 2833 1049 2927 idest,
1102 2833 1453 2908 meretrix
1515 2833 1705 2928 trita,
1772 2853 1941 2928 quae
1999 2834 2273 2908 inducit
2334 2835 2708 2909 bominem
2778 2835 2872 2908 ad
2945 2833 3193 2908 omnia

841 2955 1060 3048 mala,
1114 2959 1319 3027 venia
1390 2961 1506 3027 tra
1569 2958 1613 3028 l’
1640 2956 1811 3028 erba
1878 2977 1914 3027 e
1973 2958 1999 3028 i
2054 2958 2248 3048 fiori,
2317 2956 2487 3049 quia
2565 2956 2867 3029 tentatio
2928 2955 3195 3052 ingerit

840 3095 920 3149 se
971 3075 1236 3149 blande
1286 3074 1475 3149 inter
1525 3074 1819 3149 delicias
1871 3082 1944 3149 et
1996 3075 2512 3151 delectationes
2548 3076 2810 3170 variaS,
2849 3078 3194 3168 volyendo

840 3198 943 3268 ad
994 3216 1135 3287 ‚ora
1195 3198 1295 3267 ad
1342 3216 1429 3266 or
1494 3199 1564 3267 la
1624 3201 1793 3267 testa
1857 3215 1895 3267 e
1957 3199 2012 3268 il
2075 3200 2312 3289 dOSSO,
2367 3204 2448 3269 ut
2520 3196 2773 3271 reddat
2826 3218 2906 3272 se
2958 3203 3191 3271 totam

844 3313 1177 3410 pulcram
1231 3319 1303 3387 et
1353 3313 1859 3408 appetibilem3
1915 3314 2077 3389 ideo
2127 3316 2329 3390 dicit:
2369 3320 2698 3390 leocando
2740 3338 2932 3390 come
2982 3319 3197 3390 bestia

841 3435 964 3506 che
1029 3436 1091 3504 si
1154 3436 1368 3506 liscio.
1444 3433 1730 3509 Lissare
1797 3443 1908 3510 est
1973 3437 2356 3532 proprium
2431 3438 2829 3511 mulierum
2900 3438 3196 3532 quando

846 3552 1097 3626 fucant
1146 3573 1227 3627 se
1276 3559 1350 3627 et
1401 3560 1705 3628 comunt
1757 3563 1840 3628 ut
1895 3556 2126 3652 magis
2178 3557 2530 3651 placeant.
2560 3561 2777 3630 —Io.
2814 3557 2944 3661 Hic
2976 3565 3195 3654 poeta

846 3671 1204 3767 descripta
1257 3673 1723 3749 insultatione
1774 3676 2132 3770 serpentis
2172 3676 2531 3770 insidiosa,
2563 3676 2903 3752 describit
2942 3677 3197 3754 defen-

845 3791 1127 3865 sionem
1181 3794 1659 3888 angelorum,
1713 3795 1884 3869 dicit
1934 3817 2155 3892 ergo:
2194 3799 2276 3867 Io
2319 3799 2444 3869 nol
2491 3798 2658 3887 vidi,
2696 3819 2732 3869 e
2776 3792 2953 3889 perd
3003 3801 3196 3871 dicer

841 3915 970 3984 nol
1020 3932 1260 4004 posso,
1321 3933 1512 3986 come
1574 3934 1841 3986 mosser
1918 3917 1969 3987 li
2029 3917 2254 3988 astori
2315 3917 2663 4005 celestiali,
2724 3914 2930 4010 idest,
3009 3937 3198 4011 quo·-

847 4031 1066 4105 modo
1116 4032 1356 4127 angeli
1411 4038 1877 4107 recesserunt
1926 4033 2018 4107 de
2070 4032 2228 4107 loco
2273 4033 2398 4107 ubi
2442 4040 2652 4108 erant
2692 4035 2898 4130 positi
2935 4035 3030 4111 ad
3065 4057 3199 4111 cu-

844 4150 1180 4244 stodiam,
1218 4152 1344 4245 qui
1396 4152 1662 4226 merito
1713 4152 2208 4227 assimilantur
2249 4154 2529 4249 avibuS,
2588 4155 2760 4249 quia
2812 4163 2984 4230 sunt
3026 4156 3199 4231 alati

843 4276 921 4344 et
969 4270 1426 4365 velocissimi,
1480 4279 1565 4345 ut
1614 4272 1878 4348 totiens
1928 4273 2202 4349 dictum
2256 4282 2389 4369 est,
2443 4283 2517 4350 et
2575 4275 2862 4351 dicetur
2925 4276 3002 4350 in
3061 4276 3199 4352 isto

844 4388 1309 4485 PurgatoriO,
1366 4397 1439 4464 et
1485 4391 1854 4487 praecipue
1887 4393 2283 4490 asturibuS,
2322 4394 2494 4489 quia
2515 4385 2588 4488 (⁸)
2629 4400 2799 4470 sunt
2833 4416 3009 4471 avoe
3043 4395 3195 4471 for—

971 4576 1027 4639 (¹)
1058 4576 1110 4626 S·
1144 4577 1460 4639 imperitum.
2178 4581 2234 4646 (¹)
2268 4584 2329 4633 E.
2364 4590 2533 4647 potest
2565 4585 2853 4636 ostendere.
2889 4584 3155 4639 Veniebat.

974 4652 1027 4713 (⁹)
1063 4656 1154 4702 11⁷
1185 4667 1217 4703 c
1250 4654 1311 4703 Ε.
1345 4654 1784 4721 delectationibus,
1817 4663 1880 4709 ut
1911 4664 2052 4722 puta.
2178 4658 2232 4722 (⁸)
2264 4661 2327 4710 E.
2360 4662 2450 4725 qul
2481 4666 2618 4711 sunt.
