3704 5559
1356 507 1630 562 cmm-us
1681 506 2037 573 QUARTUS·
2733 492 2869 559 123

528 649 667 722 nisi
715 657 1033 725 arrestes
1089 657 1180 744 te,
1229 656 1302 725 et
1353 657 1717 745 expecteS,
1760 657 1836 725 et
1884 649 2012 724 des
2063 650 2378 744 spatium
2433 650 2874 745 respirandi;

531 776 605 845 et
652 790 785 864 per
838 772 977 843 hoc
1016 777 1231 864 poeta
1267 772 1424 844 vult
1458 770 1724 862 dicere,
1762 769 1961 865 quod
1995 770 2162 844 licet
2197 769 2502 844 haberet
2537 770 2869 843 animum

529 896 980 985 promptum,
1019 899 1265 966 tamen
1303 892 1619 965 habebat
1662 911 1931 985 corpus
1964 890 2219 964 debile.
2256 890 2343 962 Et
2380 911 2555 964 vere
2598 891 2873 964 homini

533 1011 851 1086 tendenti
906 1032 1141 1105 nuper
1191 1011 1283 1085 ad
1337 1018 1484 1086 tam
1539 1012 1858 1084 arduum
1904 1018 2256 1103 montem,
2295 1010 2622 1084 modicus
2666 1011 2872 1084 labor

532 1137 644 1206 est
681 1152 904 1205 sanus
954 1136 1028 1204 et
1078 1131 1168 1205 de
1220 1132 1403 1205 facili
1458 1131 1810 1205 fatiscitur
1842 1124 1953 1223 (¹);
1991 1130 2154 1204 ideo
2208 1131 2407 1225 ponit
2458 1130 2871 1225 responsio-

532 1271 701 1326 nem
753 1250 1051 1347 Virgilii,
1102 1252 1384 1326 dicens:
1423 1259 1495 1325 et
1538 1252 1657 1325 ille
1692 1251 2054 1347 Virgilius,
2108 1254 2326 1323 disse:
2352 1253 2665 1342 fiyliuolo
2702 1254 2870 1341 mi0,

529 1377 743 1445 vocat
777 1391 952 1444 eum
989 1370 1243 1464 filium,
1281 1372 1453 1465 quia
1482 1378 1876 1445 vocaverat
1920 1391 2095 1445 eum
2132 1379 2441 1466 patrem,
2477 1375 2650 1464 infin
2686 1374 2874 1464 quivi

532 1492 582 1563 ti
627 1493 794 1580 tira,
849 1490 1050 1583 idest,
1095 1511 1332 1584 usque
1383 1491 1474 1563 ad
1529 1491 1748 1564 istum
1788 1493 2031 1565 locum
2069 1498 2395 1583 certum3
2435 1492 2630 1565 unde
2666 1492 2868 1566 dicit:

529 1617 597 1682 et
622 1612 1032 1685 additommi
1062 1631 1158 1681 un
1192 1612 1426 1700 balzo,
1463 1609 1667 1703 idest,
1703 1617 1776 1683 et
1808 1610 2035 1705 digito
2070 1610 2597 1685 demonstravit
2636 1631 2869 1683 unum

529 1728 867 1824 gradum,
918 1750 1015 1801 zm
1065 1750 1250 1822 poco
1314 1732 1389 1802 in
1445 1749 1590 1821 sue,
1643 1729 1936 1822 scilicet,
1990 1730 2481 1823 propinquum
2544 1730 2701 1821 sibi,
2756 1732 2874 1802 che

531 1851 630 1921 da
677 1852 835 1939 quel
880 1852 1023 1922 lato
1070 1852 1125 1921 il
1164 1853 1428 1942 poqqio
1465 1856 1632 1923 tutto
1671 1853 1864 1940 θῖνα,
1906 1848 2112 1942 idest,
2157 1869 2365 1922 mons
2404 1854 2599 1921 totus
2652 1848 2874 1923 decli-

530 1976 655 2044 nat
715 1976 791 2043 et
855 1969 1232 2043 dilatatur:
1286 1976 1358 2043 et
1419 1990 1549 2064 per
1612 1971 1748 2043 hoc
1818 1971 2195 2044 moraliter
2252 1969 2619 2062 admonet,
2673 1967 2874 2061 quod

530 2090 752 2163 homo
801 2090 1104 2163 tende-ns
1155 2090 1393 2184 primo
1452 2090 1543 2163 ad
1606 2090 1956 2164 virtutem
2019 2091 2237 2164 dehet
2300 2110 2474 2163 cum
2529 2089 2872 2161 modera-

533 2209 731 2283 mine
781 2217 986 2284 certo
1035 2209 1397 2305 gradatim
1449 2208 1847 2283 ascendere
1899 2217 1973 2283 et
2024 2209 2299 2305 eligere
2349 2209 2479 2282 sibi
2514 2207 2717 2282 omni
2752 2206 2870 2280 die

531 2335 807 2403 certam
861 2329 1315 2424 particulam,
1371 2330 1543 2424 quia
1597 2336 1824 2403 totam
1884 2330 2229 2404 virtutem
2284 2350 2431 2403 non
2481 2335 2723 2423 posset
2772 2327 2871 2400 si-

530 2451 684 2525 mul
735 2452 851 2526 vel
904 2451 1044 2525 cito
1096 2453 1433 2546 amplecti
1466 2444 1574 2545 (²);
1629 2452 1790 2527 ideo
1844 2453 2030 2526 bene
2081 2452 2423 2548 Virgilius
2471 2451 2865 2547 assignavit

530 2570 661 2645 sibi
712 2578 1000 2647 certum
1038 2572 1460 2645 terminum.
1516 2572 1790 2645 Idcirco
1826 2572 2069 2645 statim
2106 2571 2306 2665 ponit
2354 2571 2632 2645 bonum
2689 2568 2869 2642 effe-

530 2699 728 2767 ctum
782 2692 1001 2765 huius
1053 2692 1221 2765 boni
1273 2692 1569 2787 consilii,
1621 2691 1906 2766 dicens:
1943 2684 2003 2763 si
2046 2694 2142 2764 mi
2190 2711 2598 2783 spronaron
2635 2692 2695 2761 le
2727 2708 2868 2781 pa-

529 2816 679 2886 role
725 2834 870 2906 sue,
922 2813 1126 2907 idest,
1180 2814 1364 2887 adeo
1419 2834 1538 2887 me
1588 2813 2078 2886 incitaverunt
2121 2811 2213 2884 ad
2265 2811 2481 2904 viam,
2525 2812 2626 2882 ch'
2652 2813 2722 2882 io
2773 2812 2869 2881 mi

528 2936 827 3027 sforzai,
878 2936 1247 3025 crepando
1297 2954 1587 3024 apresso
1637 2953 1685 3003 a
1736 2934 1858 3022 lui,
1910 2931 2082 3024 quia
2136 2929 2430 3024 quando
2482 2931 2702 3002 homo
2754 2934 2864 3002 est

530 3033 789 3129 factus
823 3059 1072 3127 certus
1111 3044 1186 3144 (³)
1256 3051 1569 3127 termino
1637 3051 2069 3145 propinquo,
2143 3071 2288 3124 non
2338 3051 2439 3124 ita
2505 3054 2863 3144 gravatur

528 3181 1217 3269 quantumcumque
1268 3172 1549 3265 fessus3
1604 3171 1800 3245 unde
1849 3171 2056 3243 dicit:
2114 3176 2305 3242 lanto
2355 3171 2549 3242 che’l
2594 3168 2868 3256 cinqlzio

527 3301 704 3368 sotto
750 3297 781 3366 i
819 3288 937 3386 pie*
990 3297 1086 3366 mi
1142 3297 1285 3387 sue,
1356 3292 1559 3386 idest,
1624 3293 1858 3366 donec
1924 3290 2216 3365 ascendi
2281 3290 2484 3362 illum
2547 3288 2869 3383 gradum

529 3435 751 3510 quem
789 3419 1325 3489 monstraverat
1361 3414 1557 3486 mihi.
1597 3413 1983 3508 Cinghium
2023 3414 2218 3486 enim
2255 3410 2619 3505 appellant
2655 3428 2870 3481 mon-

528 3534 677 3609 tani
728 3556 987 3609 zonam
1042 3534 1465 3629 quamdam,
1504 3555 1671 3627 quae
1707 3539 2010 3627 apparet
2053 3531 2486 3606 naturaliter
2538 3529 2609 3602 in
2664 3549 2866 3622 saxo,

528 3663 604 3732 et
650 3655 754 3731 sic
804 3656 1166 3750 requievit
1214 3656 1312 3727 ibi
1362 3677 1535 3729 cum
1587 3674 1920 3748 corpore,
1974 3653 2100 3728 sed
2153 3673 2300 3725 non
2359 3672 2533 3725 cum
2594 3650 2865 3722 animo.

674 3783 735 3850 A
784 3779 988 3850 seder
1034 3779 1099 3848 ci
1135 3797 1527 3868 ponemmo.
1582 3775 1721 3849 Ista
1766 3779 1877 3848 est
1918 3772 2237 3847 secunda
2275 3792 2443 3865 pars
2479 3769 2866 3866 generaliS,

529 3894 603 3970 in
650 3916 797 3991 qua
850 3902 1063 3990 poeta
1100 3902 1348 3969 noster
1383 3894 1722 3969 describit
1754 3892 2294 3987 dispositionem
2337 3890 2501 3964 coeli
2545 3889 2678 3961 illis
2713 3888 2871 3962 exi-

527 4016 880 4093 stentibus
929 4015 1003 4090 in
1056 4015 1176 4089 illo
1226 4015 1705 4109 hemisperi03
1758 4020 1833 4088 et
1891 4013 2128 4107 primo
2180 4011 2612 4087 continuans
2677 4007 2870 4082 dicta

527 4135 841 4213 fficendis
891 4136 1201 4210 ostendit
1250 4134 1620 4229 quomodo
1671 4133 1955 4208 dederit
2003 4153 2083 4206 se
2140 4129 2369 4225 quieti
2420 4128 2746 4223 corporis
2798 4136 2874 4203 et

526 4255 760 4334 labori
812 4256 1099 4350 mentiS,
1150 4255 1435 4330 dicens:
1490 4256 1833 4343 ambalat,
1885 4252 2177 4343 scilicet,
2215 4270 2355 4346 ego
2406 4250 2674 4324 Dantes
2728 4249 2871 4323 fes-

525 4397 669 4452 sus
701 4382 777 4451 et
823 4375 1176 4472 Virgilius
1211 4375 1447 4471 gratia
1502 4373 1671 4466 mei,
1716 4375 1780 4445 ci
1820 4393 2190 4465 ponemmo
2242 4391 2291 4443 a
2339 4373 2543 4443 seder
2576 4374 2696 4459 ivi,
2730 4371 2870 4444 sci-

651 4559 707 4624 (Ἰ
738 4561 802 4613 Β.
834 4563 1164 4613 satisfaciunt.
1711 4557 1765 4620 (¹)
1798 4559 1860 4609 E.
1894 4558 2185 4621 complecti.

649 4635 707 4702 θ)
737 4641 831 4690 117
860 4650 894 4689 0
924 4638 987 4691 B.
1019 4643 1195 4691 cortus
1226 4639 1292 4691 do
1322 4637 1564 4690 termino.
