3704 5559
1144 498 1417 552 CANTUS
1468 498 1781 553 nncmus
1830 499 2169 554 ocTAvns.
2684 490 2824 557 483

483 646 643 720 ideo
695 645 904 718 dicit:
951 649 1135 737 satta
1185 664 1376 715 come
1426 664 1519 715 un
1578 646 1891 716 sec-chion
1941 646 2059 716 che
2117 650 2282 717 mtto
2338 647 2552 736 arda,
2615 647 2824 739 quasi

483 766 708 839 dicat:
776 764 1281 838 semirotunda
1343 769 1416 838 et
1480 763 1732 857 rubea,
1803 764 1993 836 sicut
2055 765 2237 859 ignis
2292 765 2362 837 in
2417 767 2644 859 pharo
2698 767 2824 858 qui

487 891 634 958 tota
688 890 901 958 nocte
952 883 1163 958 ardet
1225 888 1304 955 ut
1367 882 1628 979 dirigat
1689 883 2115 978 navigantes
2173 884 2267 957 ad
2318 892 2655 979 portum3
2708 887 2825 959 vel

483 1003 890 1076 secundum
943 1003 1162 1076 aliam
1217 1002 1528 1095 literam,
1589 1006 1989 1092 scheyyion,
2044 1002 2234 1076 sicut
2284 1003 2538 1075 saxum
2610 1011 2826 1077 natu-

491 1122 738 1196 raliter
794 1122 1058 1195 ardens
1108 1127 1183 1195 et
1233 1121 1569 1195 emittens
1632 1122 1901 1217 ignem.
1970 1121 2057 1193 Et
2111 1122 2320 1196 dicit:
2373 1143 2655 1214 correa,
2709 1124 2829 1198 illa

486 1241 657 1313 luna
710 1241 896 1315 sicut
946 1241 1062 1315 hic
1109 1247 1425 1314 currunt
1474 1240 1833 1333 accidiosi,
1870 1247 2119 1313 contra
2144 1242 2195 1313 ’l
2223 1244 2418 1331 σιἐῖο,
2456 1242 2662 1335 idest,
2700 1242 2825 1315 fir-

487 1367 945 1434 mamentum
997 1381 1129 1455 per
1178 1359 1582 1453 zodiacum,
1621 1361 1791 1452 quia
1828 1361 1998 1434 luna
2045 1362 2230 1435 sicut
2270 1368 2345 1435 et
2396 1362 2502 1435 sol
2555 1368 2629 1436 et
2680 1382 2828 1436 cae-

486 1480 620 1554 teri
672 1481 981 1574 planetae
1039 1486 1433 1554 moventur
1485 1488 1740 1553 contra
1807 1479 2404 1574 firmamentum3
2465 1481 2663 1555 unde
2716 1481 2828 1554 di-

485 1599 617 1672 cit:
668 1621 798 1691 per
857 1604 1072 1692 quelle
1128 1604 1395 1689 strada,
1449 1601 1654 1693 idest,
1705 1620 1979 1695 speraS,
2029 1603 2147 1672 che
2179 1604 2228 1673 ’l
2272 1604 2439 1691 sole,
2504 1602 2824 1679 existens

486 1719 556 1791 in
609 1720 1013 1814 scorpione,
1063 1721 1426 1811 inflamma
1478 1723 1689 1810 allor,
1726 1720 1921 1793 circa
1973 1720 2437 1794 medietatem
2479 1722 2824 1817 octobriS,

484 1839 602 1910 che
651 1841 807 1929 quel
851 1841 950 1911 da
1000 1844 1251 1930 Roma,
1303 1839 1505 1932 idest,
1560 1840 1782 1913 homo
1841 1840 2159 1913 existens
2221 1840 2497 1934 Romae,
2549 1844 2604 1913 il
2659 1842 2837 1914 neda

483 1960 766 2049 quando
825 1961 1024 2048 cade,
1075 1958 1278 2050 idest,
1333 1958 1627 2051 quando
1687 1964 1797 2032 est
1859 1957 1930 2030 in
1995 1978 2285 2052 occasu,
2346 1965 2463 2031 tra
2513 1962 2730 2033 Sardi
2790 1981 2829 2033 e

493 2079 710 2147 Corsi.
748 2075 856 2149 Ad
909 2075 1106 2169 quod
1157 2083 1266 2151 est
1314 2077 1691 2151 sciendum
1746 2077 1944 2170 quod
1976 2077 2295 2172 solitunc
2329 2078 2631 2171 quando
2666 2086 2835 2153 ten—-

489 2195 590 2267 dit
638 2195 731 2267 ad
782 2215 1123 2269 occasum
1176 2195 1503 2291 splendet
1553 2217 1813 2270 versus
1876 2197 2189 2270 Romam
2254 2198 2445 2271 inter
2512 2199 2835 2273 insulam*

492 2316 855 2389 Corsicam
922 2321 995 2390 et
1061 2315 1490 2409 Sardiniam,
1558 2317 1656 2390 ita
1725 2316 1922 2409 quod
1983 2317 2269 2391 romani
2338 2317 2583 2392 vident
2649 2337 2833 2391 eum

488 2436 986 2531 splendentem
1039 2436 1111 2508 in
1161 2435 1380 2509 facies
1433 2456 1721 2528 eorum,
1757 2436 1815 2509 si
1859 2437 2022 2529 quis
2060 2437 2446 2532 prospiciat
2494 2438 2684 2511 inter
2716 2437 2828 2510 di-

493 2561 643 2629 ctas
669 2555 962 2648 insulas,
1001 2554 1172 2648 quia
1201 2555 1432 2628 Roma
1464 2555 1754 2649 respicit
1779 2547 2303 2650 Arphacium(⁴)
2342 2554 2539 2648 quod
2573 2562 2682 2629 est
2715 2555 2828 2627 in—

488 2681 599 2748 ter
634 2674 1121 2748 meridianum
1157 2681 1231 2748 et
1262 2674 1617 2749 occidens,
1641 2680 1822 2748 —E
1856 2679 2074 2766 quell'.
2104 2676 2233 2749 Hic
2269 2681 2484 2769 poeta
2518 2674 2829 2749 ostendit

490 2792 860 2887 quomodo
914 2793 1132 2866 fuerit
1181 2813 1581 2868 conversus
1620 2795 1712 2868 ad
1755 2816 2024 2869 novam
2062 2795 2448 2870 materiam
2493 2793 2821 2887 accidiae,

489 2917 561 2985 et
598 2911 755 2984 vult
788 2912 1056 3006 dicere,
1091 2912 1287 3005 quod
1328 2933 1500 2986 cum
1538 2921 1986 2987 exoneratus
2026 2934 2296 3009 magno
2332 2914 2654 3009 pondere
2686 2912 2827 2987 du-

490 3030 783 3104 biorum
836 3032 1057 3105 vellet
1109 3030 1476 3106 modicum
1528 3032 1708 3106 dare
1757 3054 1837 3107 se
1887 3033 2035 3107 otio
2070 3039 2143 3108 et
2187 3034 2436 3127 quieti,
2473 3034 2843 3109 excitatus

492 3155 601 3224 est
651 3171 696 3223 a
751 3170 939 3223 nova
980 3156 1201 3245 gente
1234 3171 1403 3244 quae
1438 3152 1789 3225 velociter
1822 3153 2172 3227 currebat
2206 3173 2338 3248 per
2376 3152 2571 3227 viam
2605 3152 2827 3226 illam.

487 3269 672 3343 Dicit
706 3290 926 3365 ergo:
970 3275 1036 3343 E
1064 3272 1262 3362 quel?
1288 3271 1538 3344 ombra
1568 3274 1806 3362 yentil,
1842 3270 2027 3346 idest
2075 3273 2318 3347 anima
2373 3274 2629 3348 nobilis
2666 3268 2839 3347 Vir·-

491 3387 665 3484 gilii,
719 3409 870 3463 non
917 3390 1287 3465 nobilitate
1336 3391 1629 3487 generis
1671 3392 1797 3466 sed
1849 3392 2138 3466 virtutis
2189 3400 2262 3467 et
2312 3392 2651 3489 scientiae,
2698 3416 2834 3488 per

490 3511 601 3580 cui
645 3510 709 3580 si
755 3529 995 3599 noma,
1046 3508 1252 3605 idest,
1296 3510 1720 3585 nominatur
1768 3516 1842 3584 et
1895 3511 2333 3605 celebratur,
2387 3516 2675 3604 Piecole,
2719 3513 2832 3587 vi·-

490 3619 724 3718 cns(²)
777 3635 888 3703 est
937 3650 1209 3724 parvus
1259 3629 1458 3705 unde
1492 3629 1627 3703 fuit
1666 3629 2024 3703 oriundus
2084 3629 2444 3726 Virgilius,
2489 3632 2831 3724 qui'olim

492 3746 897 3820 vocabatur
945 3747 1206 3840 Andes,
1252 3744 1375 3841 pio)
1407 3751 1527 3822 che
1560 3751 1727 3823 villa
1762 3755 2220 3839 mautovana,
2254 3748 2406 3822 imo
2440 3747 2593 3843 ipsa
2627 3750 2831 3824 Man-

497 3871 623 3938 tua
671 3865 837 3956 plus
891 3864 1260 3941 nobilitata
1311 3875 1422 3944 est
1467 3869 1776 3943 nomine·
1800 3867 2076 3964 Virgilii
2112 3888 2337 3961 quam
2376 3867 2843 3964 antiquitate,-

490 3982 977 4077 pulcritudine
1009 3985 1126 4059 vel
1160 3985 1499 4063 felicitate
1516 3979 1590 4080 (³)
1626 4010 1785 4081 sua,
1820 3990 2108 4081 deposta
2142 4009 2323 4062 avea
2361 3991 2433 4061 la
2481 4010 2684 4062 soma
2725 3990 2851 4064 det

495 4105 637 4175 mio
687 4124 974 4196 carcar,
1024 4104 1228 4200 idest,
1267 4106 1409 4182 mei
1444 4107 1669 4200 dubii,
1712 4107 1911 4202 quod
1960 4106 2185 4182 nimis
2224 4107 2580 4205 gravabat
2620 4127 2834 4184 men-

496 4228 647 4296 tem
706 4243 979 4319 mfflm,
1021 4227 1260 4317 perclt’
1282 4228 1381 4317 io,
1427 4228 1552 4298 ch'
1571 4247 1751 4299 avea
1812 4228 2062 4300 rivolta
2124 4229 2198 4301 la
2260 4231 2522 4318 rayt'on
2587 4238 2849 4321 operm·

492 4361 531 4413 e
572 4343 823 4432 pinna,
876 4363 1104 4434 quam
1153 4343 1495 4441 Virgilius
1554 4344 1830 4420 fecerat
1893 4345 2263 4441 solvendo,
2313 4366 2538 4440 sopra
2592 4350 2655 4421 le
2702 4351 2853 4422 mie*

616 4527 672 4588 (¹)
704 4525 820 4577 Cos}
852 4526 1073 4590 leggono
1105 4527 1124 4577 Ι
1154 4525 1326 4580 Codicl
1357 4530 1712 4580 Laurentini.
2027 4532 2084 4595 (¹)
2117 4534 2225 4591 117,
2259 4531 2407 4583 locu·
2438 4536 2518 4583 ost
2545 4543 2755 4595 parvus.

618 4602 671 4667 θ)
705 4607 813 4663 117,
849 4601 1213 4655 ῖοτίωωία-
1228 4603 1290 4656 Β.
1320 4604 1585 4656 fidelitate.
