3704 5559
1205 496 1482 550 CAN'rus
1535 496 1848 550 nmmos
1901 497 2184 551 munus
2719 485 2861 552 313

512 645 772 717 oculus
825 642 1264 716 intuentium
1318 661 1511 735 saepe
1561 640 1936 714 falleretur
1988 642 2349 735 accipiens
2385 662 2544 714 rem
2589 642 2853 736 pictam

510 784 646 858 pro
697 783 895 836 vera.
950 761 1225 835 Accidit
1276 766 1525 834 autem
1579 761 1805 834 semel
1858 761 2054 853 quod
2119 759 2296 833 dum
2367 760 2647 835 Giottus
2699 762 2860 854 pin-

512 888 721 979 geret
744 882 1036 974 Paduae,
1067 881 1306 955 adhuc
1341 879 1512 952 satis
1538 879 1852 974 juveniS,
1895 900 2117 953 unam
2161 881 2559 974 cappellam
2593 881 2661 952 in
2699 882 2860 954 loco

516 1002 637 1074 ubi
691 1002 823 1074 suit
873 1002 1048 1075 olim
1103 1003 1498 1093 theatrum,
1551 1001 1705 1073 sive
1756 1001 2055 1092 harena,
2094 1001 2361 1074 Dantes
2405 1002 2737 1096 pervenit
2771 1000 2863 1074 ad

519 1123 797 1195 locum:
842 1142 1065 1214 quem
1120 1120 1403 1194 Giottus
1454 1119 1852 1193 honorifice
1908 1128 2280 1215 receptum
2336 1121 2542 1193 duxit
2592 1121 2683 1194 ad
2729 1121 2864 1193 do-

520 1260 727 1312 mum
790 1262 1025 1333 suam,
1089 1240 1210 1311 ubi
1275 1240 1545 1341 Dantes
1615 1238 1864 1313 videns
1936 1239 2181 1331 plures
2245 1239 2634 1314 infantulos
2705 1240 2864 1313 eius

516 1381 809 1434 summe
858 1360 1245 1452 deformeS,
1299 1366 1394 1451 et,
1433 1365 1514 1431 ut
1557 1359 1699 1433 cito
1733 1358 1995 1451 dicam,
2033 1359 2434 1433 simillimos
2479 1360 2690 1455 patri,
2736 1379 2863 1453 pe-

521 1481 709 1553 tivit:
766 1481 1062 1576 egregie
1117 1480 1487 1575 magister,
1544 1478 1756 1550 nimis
1810 1479 2063 1572 miror,
2104 1481 2300 1572 quod
2352 1501 2521 1553 cum
2577 1480 2649 1552 in
2700 1485 2861 1554 arte

515 1599 820 1694 pictoria
871 1599 1211 1673 dicamini
1269 1619 1412 1671 non
1465 1598 1738 1671 habere
1789 1619 2068 1691 parem,
2126 1599 2319 1672 unde
2370 1606 2499 1693 est,
2554 1599 2748 1692 quod
2783 1590 2856 1689 (¹)

515 1719 789 1793 alienas
841 1718 1115 1814 figuras
1166 1709 1496 1809 facitis(²)
1553 1722 1701 1789 tam
1743 1716 2121 1811 formosaS,
2158 1724 2436 1791 vestras
2487 1738 2666 1791 vero
2706 1723 2856 1790 tam

516 1842 806 1932 turpes!
857 1839 989 1912 Cui
1056 1838 1339 1911 Giottus
1405 1836 1810 1929 subridens,
1868 1844 2131 1930 praesto
2200 1836 2611 1930 respondit:
2678 1837 2863 1923 Quia

514 1958 734 2052 pingo
784 1956 876 2030 de
928 1958 1065 2051 die,
1119 1958 1246 2031 sed
1300 1957 1494 2053 fingo
1546 1957 1638 2030 de
1684 1961 1917 2028 nocte.
1956 1957 2125 2028 Haec
2161 1956 2532 2050 responsio
2569 1976 2864 2029 summe

516 2079 786 2173 placuit
836 2079 1070 2172 Danti,
1124 2099 1268 2151 non
1323 2078 1495 2170 quia
1548 2078 1677 2149 sibi
1731 2082 1923 2150 esset
1972 2097 2188 2169 nova,
2233 2097 2404 2150 cum
2450 2076 2863 2150 inveniatur

517 2200 589 2273 in
641 2200 1006 2274 Macrobio
1058 2200 1242 2272 libro
1294 2198 1817 2289 Saturnalium,
1854 2197 1977 2272 sed
2021 2198 2193 2291 quia
2247 2203 2413 2271 nata
2469 2197 2857 2270 videbatur

518 2321 612 2393 ab
661 2320 954 2415 ingenio
1007 2318 1337 2391 hominis.
1392 2318 1533 2391 Iste
1584 2318 1868 2392 Giottus
1922 2317 2098 2390 vixit
2160 2324 2407 2411 postea
2473 2317 2636 2411 diu3
2690 2337 2862 2389 nam

520 2445 855 2513 mortuus
906 2443 1014 2513 est
1066 2439 1140 2510 in
1193 2438 1741 2511 MCCCXXXVI.
1796 2438 1885 2509 Et
1935 2437 2037 2511 sic
2090 2443 2282 2529 nota,
2335 2436 2530 2530 quod
2581 2435 2863 2509 Giottus

517 2559 756 2632 adhuc
806 2565 1006 2633 tenet
1057 2578 1428 2651 campum,
1468 2558 1639 2650 quia
1678 2557 2004 2631 nondum
2059 2557 2256 2629 venit
2306 2555 2490 2628 alius
2542 2575 2632 2628 eo
2683 2555 2862 2626 sub-

517 2678 728 2769 tilior,
783 2698 953 2751 cum
1010 2684 1257 2751 tamen
1310 2676 1560 2750 fecerit
1611 2676 2002 2769 aliquando
2063 2695 2373 2770 magnos
2431 2693 2727 2747 errores
2789 2673 2862 2744 in

518 2798 815 2891 picturis
866 2798 1037 2892 suis,
1095 2804 1173 2870 ut
1224 2798 1468 2870 audivi
1520 2818 1565 2871 a
1621 2796 1902 2891 magnis
1954 2794 2279 2890 ingeniis,
2334 2794 2473 2866 Ista
2527 2814 2648 2866 ars
2702 2792 2863 2886 pin-

517 2917 732 3007 gendi
784 2923 856 2990 et
909 2916 1277 3011 sculpendi
1330 2916 1582 2990 habuit
1651 2915 1824 2988 olim
1858 2905 1929 3005 (³)
2004 2913 2486 2987 mirabiliores
2547 2912 2863 2986 artifices

518 3036 711 3130 apud
761 3058 1041 3133 graecos
1093 3043 1163 3110 et
1214 3037 1496 3129 latinos,
1549 3042 1633 3108 ut
1683 3041 1880 3128 patet
1931 3056 2061 3128 per
2128 3033 2442 3106 Plinium
2504 3033 2577 3104 in
2646 3038 2864 3105 natu-

520 3157 651 3229 rali
701 3157 1017 3230 historia.
1047 3197 1146 3209 —
1177 3149 1350 3228 Cos-i.
1407 3156 1536 3228 Hic
1588 3162 1797 3249 poeta
1849 3155 2143 3228 adducit
2187 3154 2383 3227 aliud
2436 3154 2857 3246 exemplum

518 3278 829 3350 aliorum
887 3277 1440 3366 modernorum,
1503 3296 1825 3368 quorum
1883 3282 2199 3368 uterque
2250 3274 2384 3346 suit
2434 3274 2688 3368 pulcer
2750 3273 2861 3345 in-

520 3403 778 3469 ventor
811 3396 1352 3491 Rhythmorum
1396 3395 1467 3466 in
1505 3395 1750 3489 lingua
1807 3402 2138 3469 materna
2169 3384 2267 3488 (⁴).
2306 3396 2509 3469 Unus
2560 3400 2865 3468 vocatus

520 3522 628 3588 est
677 3516 911 3590 Guido
961 3515 1401 3589 Guinicellus
1452 3514 1543 3588 de
1594 3515 1940 3609 Bononia,
1978 3516 2069 3590 de
2121 3536 2270 3609 quo
2322 3521 2396 3589 et
2447 3515 2658 3588 cuius
2702 3516 2865 3588 lau-

518 3633 728 3707 dibus
779 3635 1002 3708 habes
1051 3634 1234 3707 infra
1290 3633 1602 3727 capitulo
1638 3635 1884 3707 XXVI.
1942 3635 2140 3708 Alter
2194 3656 2371 3710 vero
2407 3641 2711 3708 vocatus
2749 3641 2860 3707 est

519 3752 752 3826 Guido
803 3754 894 3826 de
944 3754 1495 3828 Cavalcantibus
1546 3754 1638 3828 de
1687 3755 2077 3848 Florentia,
2116 3756 2271 3828 sine
2316 3754 2864 3848 comparatione

520 3873 986 3946 excellentior
1038 3893 1150 3965 eo,
1205 3874 1375 3966 quia
1442 3873 1570 3945 fuit
1637 3895 1951 3968 magnus
2011 3874 2501 3967 philosophuS,
2555 3873 2646 3947 de
2715 3893 2864 3965 quo

508 3992 666 4085 jam
724 3992 946 4065 multa
999 3992 1188 4066 dicta
1240 3998 1410 4065 sunt
1451 3992 1716 4067 Inferni
1755 3993 2071 4086 capitulo
2108 3994 2197 4086 X,
2236 3989 2361 4065 ubi
2397 3998 2612 4087 poeta
2657 4011 2864 4064 com-

519 4111 886 4185 mendavit
937 4133 1109 4187 eum
1164 4134 1207 4186 a
1261 4114 1594 4205 scientia3
1650 4114 1765 4186 hic
1815 4133 1996 4187 vero
2049 4113 2515 4188 commendat
2558 4133 2732 4187 eum
2770 4111 2865 4184 ab

518 4230 953 4323 eloquentia,
1006 4231 1283 4305 dicens:
1338 4235 1382 4303 l'
1408 4253 1501 4303 un
1561 4235 1808 4322 Guid0,
1863 4233 2152 4326 scilicet,
2210 4233 2703 4324 CavalcanteS,
2765 4233 2859 4302 Ιια

642 4456 695 4516 (¹)
732 4456 790 4505 Ε.
822 4458 961 4519 quod
996 4459 1120 4508 alias
1153 4458 1360 4521 figuras.
1735 4455 1792 4519 (¹)
1823 4457 1876 4507 S.
1910 4457 2109 4507 faciatis
2144 4462 2266 4506 tam.

642 4531 697 4592 (⁸)
727 4531 778 4580 S.
813 4534 939 4582 olim
973 4535 1195 4583 maiores
1229 4534 1449 4583 artifices
1483 4537 1535 4582 et
1569 4532 1914 4583 mirabiliores
1948 4533 2083 4595 apud
2117 4546 2330 4596 graecos.

644 4608 696 4668 (⁸)
731 4609 792 4658 E.
825 4615 1085 4672 mater-mu
1119 4625 1344 4674 quorum
1378 4624 1527 4660 unus.
