3704 5559
1366 521 1643 577 CANTUS
1694 522 2032 577 nmmos.
2732 511 2873 577 287

528 672 805 759 Michol,
835 667 1212 742 foeminam
1243 661 1317 759 (¹)
1350 667 1768 761 superbam,
1796 689 1923 739 ove
1957 688 2085 739 era
2118 670 2439 740 istor-iata
2476 672 2518 741 l'
2538 673 2685 742 alta
2716 672 2875 759 ,qlo-

525 795 669 881 ria,
721 791 926 884 idest,
978 789 1296 885 gloriosa
1350 787 1601 861 militia
1653 795 1727 862 et
1767 787 2073 882 justitia,
2142 790 2257 861 del
2300 809 2559 861 roman
2606 791 2874 881 princi-

518 919 719 1005 pale,
771 911 975 1003 idest,
1027 908 1311 1004 imperii
1378 908 1688 1002 Traiani,
1740 912 1795 981 il
1858 912 1969 981 cui
2043 912 2310 1001 valore,
2384 910 2565 984 idest
2618 911 2873 1005 virtuS‚

529 1053 753 1105 mos-se
794 1033 1163 1120 GregoriO,
1198 1029 1492 1121 scilicet,
1529 1030 1878 1124 primum,
1915 1030 2041 1122 qui
2084 1030 2220 1102 fuit
2269 1031 2522 1104 doctor
2558 1052 2876 1127 magnus

532 1158 606 1226 et
656 1151 806 1245 ipse
857 1149 1068 1223 valde
1119 1148 1435 1242 humilis,
1489 1155 1564 1222 et
1614 1169 1793 1223 vere
1864 1149 2118 1223 nobilis
2169 1149 2461 1223 animus
2511 1151 2644 1224 fuit
2696 1172 2877 1224 suus

531 1273 604 1345 in
657 1269 983 1365 rogando
1034 1288 1169 1363 pro
1220 1268 1396 1362 isto;
1434 1273 1581 1342 alla
1620 1291 1753 1342 sua
1800 1291 1992 1360 ,qran
2035 1272 2341 1363 victoria,
2387 1271 2561 1364 quia
2594 1263 2668 1363 (²)
2708 1270 2877 1345 vicit

533 1390 924 1483 infernum,
977 1388 1102 1461 ubi
1155 1388 1352 1461 nulla
1408 1395 1518 1463 est
1568 1390 1995 1483 redempti0‚
2033 1396 2107 1464 et
2158 1391 2554 1464 Traianum
2607 1391 2877 1464 libera-

532 1512 635 1588 vit
683 1511 775 1585 de
826 1509 1166 1583 manibus
1217 1509 1441 1582 hostis
1492 1510 1790 1603 antiqui.
1821 1515 2048 1583 —Io.
2089 1511 2217 1585 Hic
2268 1518 2483 1606 poeta
2534 1510 2878 1585 describit

533 1632 762 1728 ipsam
824 1630 1199 1704 historiam
1267 1636 1581 1723 tactam3
1648 1630 1844 1704 unde
1911 1651 1992 1705 se
2049 1632 2450 1726 declaranS,
2513 1631 2730 1707 dicit:
2794 1635 2876 1703 Io

531 1755 687 1826 dico
737 1753 811 1823 di
869 1753 1181 1823 Traiano
1229 1751 1703 1841 imperadore,
1776 1770 2108 1844 romano,
2159 1754 2248 1824 ed
2311 1772 2457 1823 una
2518 1754 2878 1824 vedovella

532 1874 633 1962 ,qli
681 1892 807 1942 era
857 1872 936 1943 al
974 1874 1210 1964 frenc,
1265 1870 1586 1943 retinens
1638 1877 1711 1943 et
1763 1870 2147 1944 retardans
2197 1891 2398 1965 eum,
2451 1875 2528 1944 di
2577 1875 2877 1962 laqrime

533 1994 910 2083 atteyqiaca
958 2012 995 2062 e
1044 1993 1125 2062 di
1170 1992 1435 2062 dolore.
1498 1989 1585 2062 Et
1626 2010 1803 2064 vere
1854 1990 2013 2063 haec
2062 1990 2198 2064 fuit
2250 2011 2553 2065 romana
2609 1990 2875 2065 mulier

532 2112 776 2186 audax
829 2118 903 2185 et
952 2110 1297 2205 prudenS‚
1346 2130 1513 2203 quae
1567 2116 1715 2183 tam
1771 2111 2124 2185 audacter
2158 2111 2453 2207 ingessit
2489 2133 2569 2186 se
2604 2113 2674 2184 in
2715 2120 2876 2185 tur-

532 2252 694 2306 mas
726 2237 1211 2324 armatorum‚
1240 2235 1313 2304 et
1346 2236 1494 2303 tam
1533 2230 1935 2327 prudenter
1970 2231 2338 2304 contendit
2373 2252 2544 2305 cum
2580 2252 2876 2305 summo

533 2352 1002 2447 imperatore.
1031 2350 1219 2438 Quid
1245 2370 1426 2446 ergo
1454 2350 1818 2423 miramur
1851 2350 1912 2422 si
1949 2356 2186 2424 mater
2204 2341 2279 2443 (³)
2307 2351 2665 2426 Coriolani
2695 2352 2875 2426 dixit

532 2472 651 2546 illa
687 2474 833 2547 alta
871 2472 1096 2545 verba
1147 2477 1402 2545 contra
1456 2469 1712 2563 filium,
1749 2471 1876 2563 qui
1925 2470 2307 2545 infestabat
2341 2472 2694 2545 hostiliter
2728 2474 2877 2546 Ro-

535 2595 768 2664 mam!
819 2591 1016 2665 Bene
1069 2610 1249 2686 ergo
1300 2588 1470 2663 fecit
1521 2595 1738 2682 poeta
1799 2609 2077 2683 ponere
2135 2589 2206 2661 in
2261 2590 2469 2664 litera
2534 2599 2608 2664 et
2666 2599 2876 2666 actus

533 2721 607 2788 et
655 2712 883 2787 verba
935 2711 1141 2785 istius
1190 2710 1566 2785 mulieris:
1620 2716 1694 2785 et
1747 2710 1975 2806 tangit
2025 2716 2457 2804 apparatum
2518 2710 2707 2806 belli,
2768 2711 2876 2786 di-

533 2852 752 2907 cens:
815 2835 1097 2904 intorno
1148 2852 1196 2902 a
1247 2833 1343 2903 lui
1391 2851 1520 2902 era
1566 2833 1835 2902 calcato
1887 2851 1925 2902 e
1966 2833 2175 2921 pieno
2223 2832 2301 2902 di
2346 2834 2699 2904 cavalim‘.
2747 2832 2875 2907 Hic

533 2952 728 3028 euim
782 2952 1093 3048 inclytus
1151 2951 1554 3045 imperator
1624 2950 1856 3028 multa
1909 2957 1983 3024 et
2044 2971 2309 3045 magna
2374 2951 2562 3026 bella
2613 2953 2870 3048 gessit:

531 3071 624 3147 de
672 3072 884 3147 cuius
937 3072 1328 3146 virtutibus
1393 3078 1469 3145 et
1514 3071 1854 3145 laudibus
1904 3071 2143 3145 dicam
2205 3071 2489 3166 plenius
2547 3074 2872 3148 Paradisi

531 3192 847 3288 capitulo
902 3193 1058 3286 XX,
1112 3213 1149 3264 e
1199 3194 1243 3265 l’
1269 3195 1547 3282 aqualie
1597 3194 1753 3264 nell’
1781 3213 1940 3285 ονο,
1994 3191 2165 3285 quia
2229 3192 2473 3286 aquila
2540 3194 2750 3289 nigra
2802 3194 2875 3268 in

532 3334 794 3408 campo
843 3333 1076 3387 aureo
1112 3318 1272 3386 erat
1312 3311 1703 3407 insignium
1741 3333 2225 3386 romanorum
2279 3313 2577 3408 ducum,
2624 3317 2687 3386 si
2719 3335 2873 3387 mo-

534 3436 732 3507 vieno
763 3435 955 3506 sovr’
979 3453 1131 3505 esso
1163 3434 1239 3505 in
1272 3434 1449 3503 vista
1484 3435 1562 3504 al
1592 3439 1816 3524 vento,
1844 3432 2053 3526 quasi
2095 3433 2323 3507 dicat:
2372 3434 2637 3508 vexilla
2664 3440 2875 3509 erant

525 3552 682 3649 jam
717 3552 1051 3647 explicita
1077 3538 1177 3645 (⁴),
1207 3550 1377 3642 quia
1405 3551 1780 3645 Traianu8‚
1810 3559 1894 3625 ut
1927 3553 2158 3626 verbo
2187 3552 2460 3627 Lucani
2493 3560 2683 3647 utar,
2712 3559 2876 3627 erat

534 3671 820 3747 laturus
854 3672 1185 3747 victrices
1219 3671 1500 3765 aquilas
1534 3672 1607 3743 in
1642 3672 1869 3746 alium
1905 3672 2187 3747 orbem.
2211 3714 2310 3727 —
2336 3679 2458 3746 La.
2497 3676 2627 3748 Hic
2661 3681 2874 3768 poeta

534 3792 874 3869 describit
923 3792 1303 3886 querelam
1355 3797 1430 3864 et
1478 3791 2019 3866 contentionem
2067 3791 2270 3866 istius
2322 3793 2648 3867 mulieris
2700 3814 2873 3868 cum

534 3911 1001 4009 imperatore,
1042 3912 1332 3986 dicens:
1369 3914 1474 3982 La
1510 3913 1859 3984 miserella
1901 3933 2133 4004 parea
2182 3915 2374 3986 dicer
2414 3919 2530 3986 tra
2575 3917 2722 3986 tutti
2754 3934 2874 3985 co-

531 4040 753 4124 storo,
806 4031 978 4125 quia
1027 4030 1236 4103 dolor
1286 4029 1596 4104 faciebat
1647 4050 1814 4105 eam
1869 4030 2225 4106 audacem
2278 4032 2468 4106 inter
2528 4031 2875 4126 strepitus

533 4152 909 4250 legionum
984 4156 1469 4244 armatarum,
1522 4153 1809 4242 Siqnor,
1866 4154 2120 4245 summi
2179 4155 2491 4226 vendetta
2557 4155 2673 4226 del
2737 4149 2879 4226 mio*

525 4274 800 4367 fioliuol
851 4274 953 4344 clt'
978 4267 1022 4345 e*
1067 4277 1320 4362 morc0,
1372 4273 1534 4344 ond’
1557 4273 1628 4343 io
1703 4274 1795 4343 m'
1822 4292 2104 4363 accoro,
2159 4271 2332 4365 quia
2391 4273 2674 4369 gladius
2727 4293 2875 4348 non

403 4470 412 4475 ,
531 4391 631 4467 ita
681 4392 1149 4467 transfixerat
1211 4410 1480 4485 corpus
1548 4390 1692 4484 filii,
1745 4390 1933 4464 sicut
1992 4391 2200 4465 dolor
2264 4412 2393 4467 cor
2459 4394 2732 4467 matris
2787 4396 2875 4469 Et

656 4582 714 4643 (¹)
743 4581 805 4632 E..
840 4580 1050 4632 roemiun
1083 4579 1323 4645 superba.
1702 4576 1758 4640 (⁸)
1790 4578 1852 4629 B.
1886 4592 2003 4643 qua
2034 4579 2175 4630 vicit,

657 4657 806 4722 (⁹513.
839 4659 883 4710 si
915 4658 1125 4710 mulier.
1706 4654 1760 4718 (⁴)
1793 4655 1856 4706 B.
1888 4655 2159 4720 explicata.
