3704 5559
854 468 994 535 396
1574 477 1983 532 COMENTUM
2033 476 2475 531 PURGA'ronn

847 626 1080 721 Ulyxe
1139 624 1454 719 capitulo
1515 623 1770 697 XXVII
1830 622 2119 696 Inferni.
2190 621 2390 695 Sicut
2450 621 2644 694 enim
2715 620 3193 694 Romandiola

852 746 1068 819 babet
1118 746 1364 838 aliqua
1416 743 1707 840 ingenia
1741 741 2094 838 angelica,
2131 740 2230 813 ita
2266 740 2484 813 babet
2524 738 2771 832 aliqua
2812 739 3189 833 diabolica.

848 865 1015 938 Ideo
1067 865 1273 939 dicit:
1329 885 1447 936 ma
1499 885 1642 936 non
1691 855 1777 954 si,
1811 862 2016 952 idest,
2060 881 2205 934 non
2241 866 2487 933 tamen
2540 858 2638 932 ita
2688 859 2881 932 bene
2930 860 3191 935 facient

849 986 1122 1082 Pagani
1166 1006 1300 1080 per
1353 989 1668 1058 mortem
1708 980 2178 1078 Magbinardi,
2215 983 2334 1052 che
2367 982 2513 1051 mai
2540 1000 2732 1071 puro
2785 982 3192 1070 testimonio,

850 1106 1032 1180 idest
1070 1105 1262 1178 bona
1298 1105 1517 1196 fama,
1544 1107 1880 1193 rimaqna
1914 1104 1990 1174 di
2020 1104 2141 1193 lui,
2169 1100 2438 1174 scilicet
2465 1100 2959 1196 MaghinardO,
2987 1104 3062 1172 di
3095 1090 3192 1191 ἰὰ,

850 1224 1119 1298 scilicet
1160 1224 1231 1296 in
1275 1222 1552 1295 mundo
1588 1222 2014 1295 viventium.
2052 1219 2205 1293 Hoc
2240 1220 2402 1294 ideo
2440 1219 2634 1313 dicit,
2672 1220 2844 1313 quia
2897 1219 3195 1294 infamia

851 1349 1011 1418 erat
1071 1344 1290 1438 vulgo
1357 1342 1449 1416 de
1516 1341 2007 1437 Magbinardo,
2068 1340 2265 1434 quod
2334 1340 2485 1434 ipse
2554 1340 2850 1414 tenebat
2911 1347 3192 1434 partem

741 1546 742 1549 a
850 1462 1243 1558 guelpbam
1306 1461 1379 1533 in
1439 1461 1721 1553 Tuscia,
1774 1465 1848 1533 et
1906 1459 2375 1556 ghibellinam
2429 1459 2502 1530 in
2552 1459 3052 1534 Romandiola.
3106 1460 3193 1532 Et

851 1581 1063 1655 istam
1116 1580 1492 1654 infamiam
1542 1585 1755 1675 poeta
1808 1578 1977 1653 facit
2008 1570 2082 1671 (⁴)
2136 1577 2573 1671 durabilem,
2615 1578 2849 1652 donec
2899 1578 3191 1652 durabit

849 1701 983 1775 iste
1019 1699 1224 1791 liber,
1252 1700 1423 1792 quia
1459 1698 1636 1771 dixit
1669 1699 1743 1770 in
1777 1698 2067 1773 Inferno
2100 1697 2192 1772 de
2228 1717 2358 1771 eo:
2387 1699 2506 1769 che
2539 1705 2728 1770 muta
2755 1706 2964 1790 parte
2996 1701 3194 1772 dalla

846 1827 1020 1894 state
1059 1823 1136 1891 al
1166 1840 1424 1910 verno;
1451 1818 1576 1892 sed
1612 1820 1770 1892 baec
1807 1817 2102 1892 infamia
2138 1837 2315 1891 vere
2356 1818 2491 1890 fuit
2524 1818 2724 1909 falsa,
2760 1818 2950 1891 sicut
2982 1820 3196 1913 plene

849 1929 1358 2029 declaratur(²)
1400 1938 1473 2011 in
1506 1938 1629 2010 illo
1669 1937 1988 2032 capitulo
2028 1937 2316 2010 Inferni.
2360 1937 2543 2010 Nam
2587 1937 2647 2009 si
2682 1937 3194 2034 Magbinardus

846 2058 981 2131 fuit
1005 2064 1258 2130 contra
1286 2056 1713 2153 ghibeffinos
1737 2056 2130 2150 aliquando
2157 2055 2230 2128 in
2259 2055 2585 2130 favorem
2608 2056 3188 2151 florentinorum,

852 2198 945 2251 ex
1008 2177 1145 2249 hoc
1208 2175 1448 2271 potius
1507 2181 1839 2249 meretur
1900 2176 2219 2268 laudem,
2271 2196 2496 2269 quam
2566 2175 2968 2268 infamiam,
3020 2176 3192 2271 quia

850 2295 1162 2370 debebat
1211 2295 1346 2368 illis
1398 2301 1633 2370 totum
1687 2315 1847 2370 esse
1898 2302 1970 2369 et
2021 2315 2233 2389 posse
2283 2316 2525 2368 suum.
2580 2296 2684 2369 De
2721 2298 3190 2393 Maghinardo

852 2436 999 2489 non
1051 2416 1400 2488 remansit
1451 2416 1689 2509 proles
1754 2416 2105 2509 mascula,
2172 2415 2298 2489 sed
2367 2416 2704 2509 quaedam
2787 2417 2976 2510 filiae,
3024 2437 3190 2511 quae

849 2534 1310 2608 intraverunt
1361 2534 1434 2606 in
1485 2534 1832 2607 familiam
1898 2534 2444 2608 Ubaldinorum.
2474 2575 2574 2587 —
2611 2539 2671 2607 0
2729 2539 2998 2626 Uyolin.
3064 2535 3189 2608 Hic

850 2653 1085 2727 Guido
1137 2652 1522 2748 praedictus
1574 2654 1903 2727 nominat
1955 2653 2297 2726 ultimum
2342 2653 2674 2746 spiritum
2726 2654 2819 2729 de
2870 2656 3189 2729 Roman-

846 2772 1057 2866 diola,
1095 2777 1169 2847 et
1219 2772 1421 2846 illum
1476 2774 1916 2868 consolatur,
1954 2773 2126 2867 quia
2168 2793 2315 2847 non
2367 2773 2660 2867 reliquit
2710 2774 2894 2849 filios
2945 2796 3035 2851 ex
3085 2795 3186 2869 se,

846 2892 971 2987 qui
1031 2899 1322 2988 possent
1381 2894 1895 2989 degenerando
1955 2893 2320 2968 offuscare
2386 2894 2662 2966 famam
2725 2894 2931 2989 eius;
2998 2895 3191 2971 unde

843 3013 1310 3109 apostrophat
1360 3033 1777 3086 sermonem
1830 3033 2053 3085 suum
2107 3013 2201 3086 ad
2251 3034 2452 3106 eum,
2505 3014 2790 3087 dicens:
2845 3019 2905 3087 0
2946 3017 3191 3104 Uyolin

843 3135 948 3206 ἅθ’
975 3135 1269 3204 Fantoli.
1324 3131 1464 3205 Iste
1516 3132 1648 3204 fuit
1697 3132 1789 3206 de
1845 3132 2214 3224 Faventia,
2251 3133 2364 3206 vir
2415 3132 2803 3227 singularis
2851 3131 3188 3205 bonitatis

844 3256 918 3324 et
958 3250 1389 3344 prudentiae,
1439 3253 1495 3323 il
1539 3272 1743 3323 nome
1793 3259 1936 3341 tua,
1973 3252 2171 3344 quod
2214 3253 2562 3326 remansit
2612 3253 2705 3326 de
2756 3258 2828 3325 te
2876 3252 3186 3345 clarum,

842 3365 885 3442 e*
912 3372 1169 3461 sicum,
1210 3368 1478 3444 scilicet
1528 3369 1623 3442 ab
1674 3370 1993 3463 infamia,
2031 3373 2129 3444 da
2160 3375 2280 3445 che
2299 3369 2427 3464 pi&
2462 3394 2604 3445 non
2643 3376 2699 3444 ε’
2727 3379 3018 3465 aspecta,
3053 3371 3191 3445 ali-

846 3486 1011 3580 quis
1063 3488 1299 3562 baeres
1349 3490 1467 3562 vel
1520 3508 1920 3584 successor,
1971 3493 2080 3562 chi
2138 3496 2265 3585 sar
2329 3494 2396 3564 lo
2451 3512 2672 3583 possa
2733 3493 3192 3583 traliynando

845 3627 1125 3698 oscum,
1176 3607 1379 3701 idest,
1431 3608 1947 3702 degenerando
1996 3630 2043 3683 a
2094 3630 2275 3684 vera
2333 3610 2630 3702 virtute,
2681 3610 2870 3684 sicut
2933 3610 3193 3685 accidit

843 3727 918 3800 in
970 3726 1332 3801 nobilibus
1382 3726 1537 3801 aliis
1589 3727 1682 3801 de
1722 3727 2090 3802 Faventia.
2128 3729 2331 3804 Unde
2365 3729 2531 3804 vide
2566 3731 2763 3823 quod
2805 3737 3019 3824 poeta
3056 3750 3193 3804 no-

843 3851 994 3921 ster
1026 3852 1375 3941 posuerat
1407 3847 1593 3920 duos
1628 3846 1906 3920 nobiles
1938 3847 2030 3921 de
2064 3847 2409 3922 Faventia
2442 3848 2514 3920 in
2549 3849 2819 3944 glacie:
2860 3850 2976 3923 bic
3011 3869 3190 3924 vero

842 3964 936 4040 ad
987 3964 1490 4039 redimendam
1542 3964 1917 4038 infamiam
1972 3966 2300 4040 nominat
2349 3967 2534 4041 duos
2577 3968 2898 4062 plebeios
2949 3970 3188 4043 famo-

840 4105 980 4159 sos.
1034 4085 1123 4156 Et
1171 4085 1288 4158 hic
1339 4091 1534 4177 nota,
1578 4084 1774 4178 quod
1826 4091 2040 4178 poeta
2093 4086 2349 4159 nobilis
2403 4088 2678 4160 nullam
2731 4087 3184 4183 provinciam

839 4202 934 4276 de
993 4203 1269 4275 mundo
1328 4209 1616 4275 tantum
1681 4204 2065 4277 honoravit
2129 4212 2489 4298 quantum
2551 4207 2813 4302 istam3
2869 4229 3043 4282 nam
3113 4208 3186 4281 in

838 4320 975 4392 isto
1033 4320 1292 4393 eodem
1360 4321 1676 4415 capitulo
1732 4322 2152 4398 describens
2213 4325 2665 4418 proviaciam
2735 4332 2807 4401 et
2869 4327 3182 4421 patriam

959 4570 1018 4632 (¹)
1053 4573 1159 4630 ¹¹⁷»
1193 4569 1331 4620 fecit·
1938 4571 1995 4636 (¹)
2028 4578 2136 4635 11⁷,
2170 4573 2447 4625 declaravi.
