3704 5559
1336 497 1617 553 CANTus
1666 488 1991 553 marius,
2287 484 2292 487 ’
2700 486 2838 554 103

493 645 739 719 statim
790 643 1101 718 ostendit
1151 644 1467 737 qualiter
1519 644 1651 718 ista
1705 644 2119 739 pulcritudo
2171 650 2245 718 et
2306 644 2564 718 nobilis
2628 665 2845 739 aspe-

493 771 655 840 ctus
705 763 1113 838 deformata
1164 770 1336 836 sunt
1369 764 1443 837 in
1480 770 1719 838 morte
1760 765 1947 837 illius
1984 765 2347 859 violenta3
2389 766 2580 839 unde
2621 765 2839 838 dicit:

494 907 611 959 ma
660 906 757 959 un
804 886 1029 976 colpe,
1080 883 1284 979 idest,
1337 885 1606 958 vulnus
1658 885 1872 977 ensis,
1925 906 2103 957 avea
2152 887 2373 958 div-iso
2424 888 2467 958 ἴ
2494 906 2589 957 un
2624 888 2842 958 de’ci-

491 1008 617 1097 912⁶,
684 1005 784 1078 ita
850 1003 1047 1097 quod
1119 1004 1438 1079 habebat
1512 1011 1808 1099 turpem
1876 1005 2288 1079 cicatricem
2359 1006 2432 1079 in
2511 1005 2713 1080 facie.
2742 1045 2842 1058 —
2981 1074 3007 1090 ,

503 1128 818 1217 Quando,
883 1126 1012 1199 Hic
1080 1132 1292 1221 poeta
1355 1127 1666 1200 ostendit
1736 1126 2051 1220 qualiter
2119 1127 2534 1201 Mansredus
2605 1124 2843 1198 mani-

497 1245 871 1323 festaverit
922 1266 1002 1320 se
1051 1245 1209 1339 sibi,
1247 1246 1420 1340 quia
1454 1246 1607 1341 ipse
1659 1267 1805 1320 non
1858 1247 2346 1343 cognoscebat
2388 1267 2585 1321 eum.
2642 1244 2844 1319 Unde

495 1367 708 1443 elficit:
762 1369 828 1439 ei
872 1364 1101 1439 disse:
1155 1367 1446 1460 scilicet,
1502 1367 1618 1440 ille
1668 1367 2082 1442 Manfredus
2133 1367 2357 1440 mihi:
2427 1388 2515 1439 or
2575 1369 2754 1457 vecti,
2805 1387 2843 1437 e

497 1490 930 1563 mostrommi
976 1508 1122 1561 una
1160 1491 1386 1580 piaqa
1437 1509 1485 1559 a
1531 1509 1801 1560 sommo
1833 1491 1891 1560 il
1907 1495 2121 1580 petto,
2171 1488 2267 1562 ita
2304 1487 2501 1581 quod
2553 1487 2842 1561 videtur

497 1609 837 1684 habuisse
885 1608 1033 1682 duo
1088 1608 1423 1682 mortalia
1476 1609 1785 1682 vulnera
1849 1608 1922 1681 in
1991 1608 2272 1703 proelio,
2328 1629 2564 1682 unum
2616 1626 2840 1701 supra

495 1731 821 1824 oculum,
871 1729 1070 1803 aliud
1105 1750 1328 1824 super
1361 1750 1512 1824 cor,
1550 1729 1675 1803 ubi
1712 1736 1822 1804 est
1863 1729 2021 1802 t'ons
2074 1729 2295 1803 totius
2330 1730 2519 1820 vitae‚
2558 1730 2841 1818 quando

495 1853 594 1924 mi
631 1854 744 1945 sui
788 1853 1174 1924 umilmeme
1223 1852 1538 1940 disdetw,
1592 1849 1945 1923 dicendo:
2001 1869 2146 1923 non
2194 1848 2334 1922 vidi
2375 1855 2446 1922 te
2483 1867 2839 1940 unquam,

495 1977 570 2045 et
643 1978 1076 2045 reverenter
1139 1978 1435 2066 propter
1510 1972 1835 2067 regalem
1913 1975 2316 2065 aspectum,
2383 1969 2578 2043 unde
2643 1968 2839 2062 dicit,

494 2092 564 2164 α’
588 2093 832 2163 averto
878 2093 1057 2163 visto
1109 2095 1276 2182 ηιαιζ
1331 2091 1513 2165 idest
1564 2091 1827 2165 vidisse
1872 2112 2198 2184 unquam
2253 2090 2491 2184 ipsum
2535 2089 2839 2162 vivum:

497 2217 572 2285 et
618 2230 883 2286 verum
936 2211 1106 2286 dicit
1155 2219 1393 2306 poeta,
1433 2212 1603 2305 quia
1646 2232 2028 2307 nunquam
2066 2211 2349 2285 viderat
2383 2231 2559 2285 eum
2598 2228 2841 2303 neque

495 2331 756 2406 vidisse
804 2338 1192 2427 potuerat3
1244 2334 1591 2428 quoniam
1631 2335 1900 2407 Dantes
1943 2340 2158 2406 natus
2192 2340 2300 2406 est
2335 2351 2426 2406 eo
2459 2351 2653 2406 anno
2691 2350 2841 2435 quo

495 2457 837 2526 mortuus
886 2461 996 2528 est
1045 2454 1479 2528 Mansredus.
1542 2453 1630 2526 Et
1686 2452 1931 2526 subdit
1991 2450 2360 2545 quomodo
2424 2450 2840 2524 Mansredus

494 2570 952 2667 descripserit
986 2567 1061 2665 (')
1113 2593 1194 2647 se
1243 2595 1289 2648 a
1341 2572 1656 2666 nomine,
1708 2573 1804 2663 ab
1855 2571 2162 2667 origine,
2204 2590 2249 2643 a
2279 2570 2505 2662 .vitio;
2559 2576 2632 2642 et
2671 2567 2842 2642 dicit

496 2692 841 2789 breviter,
896 2694 1094 2789 quod
1144 2700 1254 2768 est
1302 2693 1716 2767 Mant'redus
1767 2711 1990 2787 nepos
2041 2689 2477 2764 Constantiae
2513 2689 2838 2784 impera-

496 2813 711 2889 triciS.
775 2814 882 2890 Ad
951 2815 1161 2889 cuius
1230 2815 1458 2889 literae
1528 2813 1730 2888 sortis
1787 2811 2226 2886 evidentiam
2289 2817 2399 2883 est
2462 2809 2836 2884 sciendum

493 2933 692 3028 quod
740 2934 1132 3009 Federicus
1172 2936 1230 3007 II
1300 2941 1517 3010 natus
1569 2953 1661 3006 ex
1715 2931 2132 3012 Constantia
2186 2938 2260 3004 et
2310 2930 2623 3004 Henrico
2691 2928 2839 3003 filio

492 3054 989 3148 Barbarussae‚
1044 3063 1127 3130 ut
1185 3056 1469 3131 dicetur
1531 3055 1743 3148 plene
1792 3052 1882 3124 ΙΙΙ
1942 3051 2260 3146 capitulo
2311 3050 2651 3144 paradisi,
2705 3050 2841 3123 fuit

493 3176 771 3251 electus
823 3175 1222 3271 imperator
1290 3183 1547 3250 contra
1597 3174 1959 3247 Othonem
2019 3173 2108 3245 IV
2169 3179 2243 3246 et
2301 3178 2698 3246 coronatus
2762 3177 2839 3244 et

494 3303 966 3371 consecratus
991 3297 1087 3370 ab
1113 3296 1433 3370 Honorio
1469 3286 1651 3386 111(²)
1685 3292 2069 3367 millesimo
2104 3291 2603 3366 ducentesimo
2634 3290 2837 3386 vige-

494 3416 704 3512 simo,
752 3417 880 3511 qui
912 3416 1299 3511 imperavit
1333 3414 1629 3511 triginta
1662 3412 1893 3487 annis,
1946 3415 2109 3501 Quo
2163 3419 2494 3507 tempore
2543 3431 2838 3506 semper

496 3536 628 3613 fuit
660 3538 966 3613 infestus
1000 3536 1325 3612 ecclesiae
1363 3543 1714 3628 tanquam
1766 3533 1955 3607 filius
2009 3532 2539 3629 ingratitudinis
2579 3538 2836 3606 contra

498 3665 837 3754 matrem,
888 3678 1057 3753 quae
1106 3657 1518 3732 nutriverat
1567 3656 1807 3751 ipsum
1859 3654 2214 3748 pupillum
2268 3660 2342 3728 et
2383 3653 2836 3728 exaltaverat

495 3778 590 3855 ad
612 3800 1008 3855 romanum
1044 3776 1473 3873 imperium3
1510 3795 1766 3871 quare,
1796 3780 1950 3848 tam
1979 3773 2261 3847 ratione
2289 3772 2633 3845 vitiorum
2662 3792 2839 3844 suo-

494 3919 693 3994 rum,
739 3899 835 3976 de
883 3899 1152 3994 quibus
1201 3896 1369 3971 alibi
1422 3896 1695 3971 dictum
1751 3899 1882 3988 est,
1938 3912 2161 3987 quam
2214 3890 2521 3965 avaritia
2574 3891 2837 3984 praela-

493 4026 765 4116 torum,
816 4020 945 4115 qui
996 4018 1243 4093 omnia
1293 4016 1427 4091 sibi
1480 4016 1738 4091 volunt
1789 4013 2086 4108 quando
2145 4017 2445 4106 possunt
2489 4000 2591 4103 (³),
2644 4029 2840 4082 nun-

491 4159 719 4236 quam
769 4140 1007 4238 potuit
1055 4139 1332 4214 habere
1392 4136 1660 4210 bonam
1724 4153 1984 4229 pacem
2049 4151 2223 4205 cum
2274 4129 2602 4223 ecclesia,
2665 4150 2836 4224 quae

489 4258 767 4337 fecerat
842 4260 1084 4356 ipsum
1162 4256 1358 4333 nasci
1428 4255 1723 4329 fatalem
1792 4252 1926 4326 sibi
1996 4272 2090 4326 ex
2154 4252 2515 4326 monacha
2584 4252 2836 4325 vetula

614 4488 673 4553 (¹)
702 4488 757 4541 S.
788 4488 1150 4540 manifestavit.

616 4563 675 4705 g
703 4563 768 4693 ξ..
798 4563 1034 4617 Honorio
1065 4565 1141 4616 111
1171 4575 1307 4615 anno
1340 4561 1544 4613 Domini
1577 4558 1740 4609 nostri
1771 4557 1898 4608 Jesu
1929 4557 2122 4609 Christi
2155 4558 2450 4609 millesimo.

799 4645 1015 4705 ponunt
1042 4646 1098 4694 et
1128 4644 1376 4707 prmum,
1406 4649 1690 4702 nunquam.
