3704 5559
795 475 934 540 122
1523 485 1932 541 coMENTUM
1982 485 2421 541 PURGATonn

792 632 920 706 sed
970 652 1102 726 per
1153 631 1665 727 purgatorium
1721 652 2106 725 nunquam
2161 630 2476 725 portabit
2528 629 2788 723 ipsum.
2856 629 2996 703 Sed
3047 628 3139 703 ad

794 750 1342 848 intelligentiam
1379 752 1600 825 huius
1634 751 2199 846 comparationis
2227 750 2447 824 debes
2475 756 2735 823 notare
2768 749 2967 843 quod
3001 749 3139 824 tria

794 877 963 946 sunt
1015 873 1509 946 instrumenta
1559 872 1828 966 quibus
1880 872 2377 946 communiter
2420 876 2734 943 utuntur
2772 870 3139 965 astrologi,

792 992 1086 1086 scilicet,
1123 1012 1338 1086 spera
1374 992 1768 1066 materialis
1801 1011 1935 1086 per
1968 1013 2196 1086 quam
2234 990 2629 1065 ostendunt
2674 1010 2945 1084 corpus
2978 989 3141 1063 coeli

792 1132 965 1187 cum
1018 1112 1308 1186 circulis
1359 1113 1531 1206 suiS‚
1585 1113 1798 1187 cuius
1863 1112 2181 1207 cognitio
2242 1118 2352 1188 est
2411 1111 2824 1185 necessaria
2875 1111 2967 1184 ad
3021 1132 3158 1186 co·-

794 1233 1191 1329 gnitionem
1273 1240 1692 1327 poetarum:
1769 1233 2179 1306 secundum
2256 1237 2564 1305 vocatur
2637 1232 3141 1322 astrolabium,

796 1353 993 1447 quod
1045 1360 1155 1428 est
1207 1354 1778 1427 instrumentum
1833 1352 2201 1447 spericum
2264 1359 2464 1426 recte
2523 1351 2616 1424 ad
2677 1352 2980 1425 modum
3031 1352 3142 1425 in-

795 1472 1057 1566 cisorii‚
1112 1474 1183 1546 in
1238 1494 1387 1567 quo
1449 1473 1856 1547 ostenditur
1918 1480 2069 1547 tota
2134 1472 2500 1567 dispositio
2562 1472 2773 1546 coeli:
2843 1471 3139 1546 tertium

797 1599 1107 1666 vocatur
1158 1595 1549 1687 quadranS,
1594 1600 1667 1667 et
1719 1601 1829 1667 est
1882 1601 2146 1687 quarta
2201 1614 2369 1687 pars
2422 1593 2818 1686 astrolabii,
2871 1592 2943 1665 in
2996 1613 3144 1687 quo

796 1713 1212 1786 continetur
1261 1714 1585 1787 breviter
1620 1715 1970 1809 quicquid
2016 1722 2126 1787 est
2163 1714 2234 1786 in
2271 1714 2688 1787 astrolabio.
2728 1714 2815 1787 Et
2856 1720 2940 1786 ut
2974 1713 3141 1787 dem

797 1832 1219 1925 exemplum
1270 1853 1637 1927 grossum,
1691 1834 1883 1906 istud
1933 1834 2510 1907 instrumentum
2550 1840 2661 1906 est
2708 1840 2908 1906 recte
2959 1833 3147 1905 sicut

796 1949 859 2023 si
907 1951 1183 2025 dividas
1235 1972 1466 2025 unum
1521 1953 1946 2027 incisorium
1999 1954 2072 2026 in
2125 1959 2449 2046 quatuor
2486 1952 2861 2046 quarteria
2897 1970 3146 2045 aequa-

797 2069 927 2142 lia:
983 2091 1132 2143 una
1185 2091 1353 2164 pars
1405 2072 1789 2146 vocabitur
1841 2072 2232 2166 quadrans.
2287 2072 2496 2146 Modo
2546 2073 2640 2146 ad
2688 2072 3142 2166 propositum

799 2188 875 2262 in
935 2190 1070 2263 isto
1132 2190 1538 2281 quadrante
1601 2199 1709 2265 est
1779 2214 1926 2265 una
1999 2193 2189 2266 linea
2250 2192 2490 2265 media
2560 2212 2727 2284 quae
2788 2192 3033 2286 incipit
3102 2212 3146 2264 a

802 2316 1078 2401 centro,
1132 2308 1335 2403 idest,
1387 2312 1480 2383 ab
1541 2312 1656 2385 illa
1720 2319 1991 2405 puncta
2054 2318 2274 2385 acuta
2332 2318 2406 2385 et
2467 2311 2782 2384 trahitur
2842 2311 3146 2403 aequidi-

803 2433 1079 2501 stanter
1148 2449 1386 2522 usque
1456 2430 1549 2503 ad
1621 2439 2037 2506 extremam
2107 2431 2817 2523 circumferentiam3
2887 2438 2961 2503 et
3011 2430 3145 2504 ista

803 2547 1018 2640 linea,
1070 2549 1127 2621 si
1179 2551 1383 2644 ponis
1434 2552 1922 2643 quadrantem
1976 2553 2047 2625 in
2101 2553 2317 2646 plano
2370 2552 2441 2624 in
2498 2572 2646 2625 uno
2705 2551 2934 2624 latere
2985 2571 3143 2642 su0,

804 2668 1079 2742 videbis
1140 2670 1337 2744 clare
1401 2671 1602 2764 quod
1659 2672 1874 2745 stabit
1938 2673 2110 2746 satis
2171 2673 2339 2765 alta,
2403 2672 2529 2745 sed
2593 2692 2735 2745 non
2803 2671 3015 2744 nimis
3046 2665 3145 2763 (²),

805 2789 904 2863 ita
954 2792 1151 2882 quod
1200 2792 1259 2864 si
1322 2800 1542 2867 autor
1602 2793 1772 2867 dicit
1839 2793 2037 2887 quod
2100 2801 2301 2868 costa
2363 2793 2631 2866 montis
2693 2799 2853 2867 erat
2918 2794 3147 2890 magis

805 2912 1123 3002 superba
1165 2933 1389 3005 quam
1428 2913 1619 2986 linea
1667 2913 1824 3006 ista,
1864 2915 2023 2987 vult
2056 2914 2301 2987 dicere
2331 2914 2410 2990 in
2445 2912 2712 2988 effectu
2755 2913 2952 3007 quod
2990 2921 3151 2987 erat
3291 3006 3297 3012 ·

802 3030 1122 3103 multum
1173 3030 1479 3105 difficilis
1529 3032 1621 3107 ad
1683 3034 2250 3126 ascendendum,
2303 3032 2430 3106 sed
2491 3053 2634 3106 non
2700 3038 2946 3107 tamen
3011 3033 3150 3105 im-

805 3149 1177 3243 possibiliS‚
1220 3150 1407 3223 sicut
1458 3158 1662 3244 potes
1714 3154 1913 3227 clare
1966 3152 2213 3228 videre
2256 3152 2327 3224 in
2373 3152 2607 3248 figura
2653 3152 2768 3225 hic
2818 3174 2863 3226 a
2916 3154 3145 3226 latere

805 3268 1035 3361 posita
1066 3260 1163 3359 (²).
1192 3274 1410 3342 —Io.
1473 3270 1602 3344 Hic
1665 3280 1879 3366 poeta
1944 3272 2285 3346 describit
2343 3272 2842 3347 lassitudinem
2909 3292 3145 3365 suam,

807 3407 1032 3478 quam
1086 3387 1158 3459 in
1211 3389 1415 3462 brevi
1466 3391 1828 3464 contraxit
1881 3413 1975 3465 ex
2024 3392 2287 3467 itinere
2338 3393 2476 3465 isto
2528 3412 2698 3464 cum
2734 3382 2808 3482 (³)
2852 3391 3148 3465 consilio

808 3506 1107 3601 Virgilii,
1158 3508 1444 3582 dicens:
1498 3515 1579 3584 Io
1630 3533 1759 3583 era
1811 3514 2024 3605 lasso,
2065 3512 2333 3585 scilicet
2386 3510 2596 3584 valde
2647 3511 2813 3602 cito,
2868 3514 3150 3602 quando

807 3628 1271 3718 incominciai,
1336 3630 1627 3724 scilicet,
1690 3631 1936 3706 dicere
1986 3632 2285 3727 Virgilio
2350 3630 2477 3723 qui
2537 3630 2751 3703 nimis
2813 3631 3150 3704 celeriter

809 3748 1251 3841 procedebat
1301 3749 1370 3821 in
1426 3750 1580 3824 via:
1646 3755 1706 3823 Ο
1755 3754 1951 3824 dolce
1992 3754 2249 3844 padre,
2293 3753 2556 3841 volqiti,
2607 3749 2876 3823 scilicet
2927 3756 3148 3844 retr0,

810 3889 848 3940 e
894 3871 1150 3942 rimira
1200 3873 1373 3942 com'
1399 3873 1468 3942 io
1517 3874 1847 3963 m‘manqo
1897 3875 2029 3961 sol,
2066 3872 2222 3945 sine
2258 3878 2352 3963 te,
2387 3893 2461 3942 se
2497 3891 2642 3943 non
2680 3873 2911 3962 rislai,
2947 3870 3150 3965 idest,

934 4118 989 4183 (¹)
1022 4119 1081 4168 E.
1113 4120 1265 4168 nimis
1296 4121 1533 4182 superba,
1569 4121 1637 4170 ita
1671 4123 1826 4185 quod.

932 4192 991 4255 (⁸)
1024 4195 1120 4245 Nel
1151 4194 1336 4246 Codice
1370 4197 1583 4247 Estense
1618 4199 1664 4247 vi
1698 4202 1728 4248 e
1761 4199 1812 4248 in
1845 4205 2030 4262 questo
2062 4203 2225 4261 punto
2258 4199 2307 4248 la
2341 4198 2504 4262 figura
2539 4201 2644 4248 cosl
2675 4197 2965 4247 delineata:

1616 4314 2283 4537 Ξ

938 4605 993 4670 (“)
1023 4606 1087 4656 Β.
1121 4610 1172 4656 et
1202 4620 1325 4657 cum
1353 4608 1584 4658 consilio.
