3704 5559
1185 485 1461 539 cANTus
1513 487 1829 541 nummus
1883 488 2270 543 SECUNDUS.
2754 478 2893 544 329

544 630 837 723 scilicet,
894 632 1155 704 fratres
1216 639 1289 704 et
1357 633 1614 725 sociOS,
1664 635 1782 705 che
1814 637 1885 706 'n
1937 638 2289 723 Sennaar,
2342 641 2698 728 contrata,
2765 655 2897 706 con

545 752 665 840 lui,
700 750 993 842 scilicet,
1030 751 1432 824 Nembroth
1468 752 1809 846 superbo,
1852 754 2131 845 superbi
2156 757 2346 846 soro,
2391 754 2478 825 Et
2524 754 2637 827 hic
2693 760 2888 846 nota,
2985 812 3009 830 .

546 869 743 961 quod
794 890 1205 963 numquam
1260 871 1480 944 credo
1535 871 1753 945 fuisse
1806 873 2044 945 maius
2096 873 2211 946 vel
2272 873 2673 946 mirabilius
2709 878 2895 968 op'us

545 989 619 1061 in
683 990 922 1082 terriS,
983 989 1075 1063 de
1144 1010 1292 1082 quo
1355 990 1713 1064 mirabilia
1771 993 2020 1065 scribit
2078 992 2388 1078 Quintus
2451 993 2747 1067 Curtius
2807 993 2897 1065 li-

547 1110 683 1182 bro
733 1110 824 1181 IV
874 1110 964 1183 de
1016 1110 1237 1205 gestis
1287 1110 1700 1184 Alexandri.
1740 1112 1922 1185 Dicit
1959 1113 2193 1205 enim,
2225 1113 2422 1206 quod
2471 1112 2895 1186 Semiramis

549 1228 859 1302 condidit
921 1229 1392 1324 Babylonem,
1457 1231 1667 1303 cuius
1732 1253 1993 1305 murus
2058 1232 2310 1305 habuit
2375 1232 2448 1304 in
2515 1233 2896 1306 latitudine

549 1349 839 1444 triginta
894 1349 1134 1443 pedeS,
1187 1350 1282 1423 ita
1337 1352 1533 1444 quod
1587 1351 1963 1447 quadrigae
2025 1352 2180 1426 sine
2242 1352 2569 1446 periculo
2631 1373 2896 1426 occur-

550 1468 807 1541 rebant
859 1468 1030 1560 sibi,
1095 1469 1402 1543 altitudo
1465 1470 1597 1541 fuit
1662 1470 2192 1566 quinquaginta
2241 1472 2697 1566 cubitorum,
2752 1472 2894 1545 cir-

548 1588 787 1662 cuitus
839 1588 1060 1662 totius
1113 1589 1352 1682 ‘operis
1404 1589 1656 1663 habuit
1710 1590 2246 1686 quadringenta
2297 1591 2678 1687 sexaginta
2728 1598 2894 1665 octo

548 1709 794 1781 stadia.
851 1709 1257 1803 Euphrates
1311 1731 1621 1806 magnus
1672 1711 1939 1785 fluvius
1976 1711 2321 1785 interfluit
2359 1712 2647 1805 urbem,
2684 1712 2893 1785 cuius

548 1848 727 1921 pons
780 1835 888 1901 est
940 1837 1375 1902 numeratus
1427 1830 1615 1904 inter
1658 1830 2015 1904 mirabilia
2057 1831 2376 1904 orientis
2414 1830 2494 1902 In
2536 1832 2672 1904 hac
2710 1831 2894 1903 urbe

549 1948 910 2041 superbus
961 1949 1371 2022 Alexander
1424 1950 1619 2023 stetit
1683 1950 1955 2023 diutius
2017 1971 2242 2043 quam
2297 1950 2369 2023 in
2420 1950 2667 2044 aliqua
2726 1951 2891 2040 alia,

537 2067 762 2139 cuius
825 2068 1120 2141 luxuria
1182 2069 1505 2142 maxime
1566 2070 1815 2142 nocuit
1882 2070 2225 2143 militibus
2290 2070 2487 2163 suis3
2555 2090 2728 2142 nam
2796 2069 2890 2142 ibi

551 2188 783 2280 pretio
833 2195 1170 2281 parentes
1237 2189 1563 2262 vendunt
1615 2189 2404 2283 libidinem-filiorum3
2460 2189 2584 2263 sed
2638 2196 2890 2283 postea

552 2306 785 2401 Cyrus
822 2328 951 2380 rex
1001 2328 1383 2400 persarum
1423 2308 2007 2402 superbissimuS,
2036 2309 2128 2382 de
2166 2329 2318 2402 quo
2351 2308 2632 2382 dicetur
2669 2309 2889 2402 paulo

556 2433 735 2519 post,
797 2427 1205 2521 superbum
1258 2428 1533 2500 flumen
1586 2429 2017 2522 humiliavit,
2071 2436 2143 2501 et
2207 2429 2597 2522 superbam
2651 2428 2890 2524 Baby-

551 2547 819 2619 loniam
889 2547 1195 2640 domuit,
1264 2569 1490 2640 quam
1553 2549 1835 2622 evertit.
1907 2549 2395 2643 Hieronymus
2466 2569 2642 2622 vero
2719 2548 2890 2621 dicit

556 2665 880 2760 Babylon
943 2666 1363 2760 metropolis
1424 2668 1944 2761 chaldaeorum,
2005 2667 2215 2741 cuius
2269 2667 2462 2739 muri
2515 2666 2878 2740 sexdecim

553 2787 771 2859 millia
823 2807 1174 2880 passuum
1237 2807 1370 2881 per
1421 2789 1787 2880 quadrum
1852 2789 1946 2862 ab
2017 2789 2288 2884 angulo
2357 2788 2429 2860 in
2498 2788 2880 2882 angulum,

554 2906 747 2998 quod
804 2913 913 2979 est
964 2907 1180 2979 simul
1217 2908 1594 3003 sexaginta
1631 2914 1953 3002 quatuor
1989 2909 2231 2981 millia.
2260 2947 2358 2960 —
2385 2912 2464 2981 O.
2510 2905 2639 2980 Hic
2674 2913 2889 3001 poeta

552 3023 890 3097 describit
942 3025 1168 3097 alium
1221 3033 1470 3099 actum
1525 3035 1599 3102 et
1652 3027 1993 3102 effectum
2046 3028 2406 3122 superbiae
2454 3027 2670 3099 unius
2723 3049 2892 3099 mu-

552 3143 767 3217 lieris.
824 3144 929 3217 Ad
985 3144 1178 3236 quod
1234 3153 1345 3218 est
1395 3147 1717 3220 breviter
1768 3147 2173 3239 sciendum,
2210 3147 2429 3239 quod,
2475 3146 2661 3220 sicut
2713 3145 2894 3219 scri-

533 3264 656 3337 ·bit
724 3264 1021 3338 Ovidius
1087 3266 1285 3339 clare
1351 3266 1440 3338 VI
1499 3268 1808 3361 Maioris,
1863 3268 2092 3341 Niobe
2143 3267 2286 3340 filia
2352 3267 2629 3340 Tantali
2700 3265 2893 3361 regis

455 3409 456 3412 ¹
528 3383 950 3472 „avarissimi
1005 3385 1363 3478 omnium,
1419 3386 1591 3478 quia
1644 3407 1735 3459 ex
1788 3388 2093 3460 avaritia
2150 3387 2473 3460 nascitur
2525 3385 2892 3481 superbia,

540 3511 625 3577 et
677 3525 867 3577 uxor
918 3504 1340 3599 Amphionis
1394 3506 1586 3602 regis
1639 3507 2056 3581 Thebarum
2094 3514 2254 3601 post
2298 3507 2654 3582 infelicem
2709 3506 2895 3580 Cad-

553 3644 783 3716 mum,
834 3623 1128 3698 devenit
1178 3646 1308 3720 per
1361 3626 1779 3719 superbiam
1832 3627 1905 3698 in
1960 3633 2241 3700 tantam
2290 3626 2641 3699 insaniam
2698 3623 2894 3719 quod

555 3742 942 3835 spernebat
969 3744 1320 3817 Latonam
1362 3745 1599 3838 deam,
1629 3766 1796 3838 quae
1840 3746 2107 3819 dicitur
2146 3745 2366 3819 fuisse
2401 3752 2640 3819 mater
2676 3744 2895 3838 Apol-

552 3861 726 3934 linis
754 3868 828 3935 et
877 3862 1145 3957 Dianae,
1184 3871 1265 3937 ut
1307 3864 1593 3939 dicetur
1644 3866 1856 3958 plene
1907 3865 2223 3959 capitulo
2258 3865 2391 3937 XX
2428 3864 2647 3937 huius
2705 3866 2894 3959 libri,

551 3987 625 4054 et
677 3981 965 4054 vetabat
1017 3981 1217 4055 illam
1271 3983 1431 4077 coli,
1484 3984 1805 4080 glorians
1857 3991 1931 4058 et
1981 3985 2337 4058 extollens
2398 4003 2477 4057 se
2529 3985 2621 4058 de
2673 3985 2895 4058 nobili

548 4101 778 4194 prole,
845 4102 1017 4194 quia
1072 4104 1386 4177 habebat
1447 4112 1727 4198 septem
1785 4104 1969 4177 filios
2020 4104 2386 4178 masculos
2454 4110 2528 4178 et
2591 4105 2889 4179 totidem

550 4218 904 4313 foeminaS,
957 4221 1083 4295 sed
1137 4221 1209 4294 in
1262 4222 1651 4297 vindictam
1707 4223 2068 4318 superbiae
2119 4242 2274 4296 suae
2325 4244 2583 4298 omnes
2629 4224 2749 4296 filii
2785 4224 2895 4298 di-

548 4343 820 4411 cuntur
871 4341 1206 4435 sagiptati
1258 4343 1352 4415 ab
1402 4343 1729 4437 Apolline
1780 4351 1852 4418 et
1898 4363 2157 4416 omnes
2203 4342 2365 4416 filiae
2415 4364 2458 4417 a
2512 4343 2763 4437 Diana,
2801 4364 2889 4418 ex

551 4478 701 4550 quo
752 4457 904 4551 ipsa
956 4480 1309 4535 conversa
1362 4462 1628 4535 dicitur
1691 4464 1763 4536 in
1823 4484 2110 4536 saxum.
2165 4463 2317 4536 Hoc
2378 4462 2566 4536 sorte
2631 4463 2895 4536 indicat

552 4579 749 4671 quod
800 4588 1078 4674 septem
1133 4582 1256 4654 filii
1308 4584 1631 4677 percussi
1685 4591 1856 4658 sunt
1903 4585 1996 4658 ab
2038 4583 2363 4677 Apolline
2415 4583 2554 4658 deo
2606 4584 2895 4677 sapien-
