3704 5559
847 481 988 547 394
1559 493 1969 547 COMENTUM
2022 492 2464 546 runGATonn

838 638 1010 733 quia
1060 657 1273 711 amor
1325 642 1398 711 et
1448 636 1840 711 liberalitas
1893 636 2041 709 duo
2094 641 2285 729 sunt,
2324 655 2496 729 quae
2543 635 2898 709 inducunt
2952 637 3185 710 homi-

844 778 970 833 [ιω
1003 759 1095 832 ad
1131 759 1384 852 pulcra
1438 763 1512 831 et
1562 756 2045 848 delectabilia;
2083 762 2158 829 et
2190 755 2398 829 dicit:
2436 746 2509 828 ld
2550 759 2727 828 dove
2774 758 2803 827 i
2849 777 3021 829 mcor
3051 778 3180 829 son

832 882 993 971 sacti
1039 871 1100 950 si
1148 881 1486 969 malvaqi,
1538 877 1742 971 idest,
1779 877 1854 949 in
1907 897 2053 970 qua
2089 876 2566 950 Romandolia
2608 876 2835 950 animi
2878 885 3047 950 sunt
3080 879 3178 953 ita

834 1000 1091 1072 mutati
1143 1000 1240 1072 ab
1289 1017 1549 1071 amore
1600 997 1672 1069 in
1724 997 2003 1089 odium,
2037 1017 2081 1069 a
2118 996 2528 1070 curialitate
2567 996 2641 1068 in
2687 996 3173 1091 cupiditatem.

834 1120 921 1191 Et
971 1118 1156 1211 vide,
1211 1117 1407 1211 quod
1457 1116 1682 1209 aliqui
1720 1117 2053 1190 referunt
2089 1121 2327 1191 totum
2363 1116 2554 1189 istud
2587 1116 2862 1189 dictum
2900 1116 3177 1191 solum-

837 1238 1056 1312 modo
1105 1237 1197 1310 ad
1247 1238 1708 1328 Ravennam3
1761 1236 1888 1309 sed
1945 1238 2081 1310 hoc
2134 1255 2279 1309 non
2332 1236 2657 1309 videtur:
2703 1236 2930 1310 immo
2985 1236 3175 1311 rese-

839 1357 1149 1431 rendum
1203 1361 1312 1429 est
1361 1355 1452 1428 ad
1506 1360 1735 1427 totam
1786 1355 2360 1428 Romandiolam.
2400 1355 2604 1429 Unde
2640 1356 2882 1430 statim
2936 1361 3180 1430 osten-

836 1476 958 1569 dit,
1011 1476 1208 1569 quod
1258 1495 1471 1549 amor
1521 1481 1593 1548 et
1645 1474 2038 1548 liberalitas
2074 1475 2370 1548 recessit
2404 1475 2497 1549 de
2530 1474 2762 1569 patria
2799 1495 2958 1547 sua.
2985 1515 3083 1529 —
3115 1480 3175 1549 0

837 1598 1255 1668 Bretinoro!
1289 1593 1417 1667 Hic
1458 1593 1692 1668 Guido
1728 1613 1901 1667 cum
1939 1594 2194 1668 dolore
2234 1593 2592 1668 convertit
2629 1612 3049 1667 sermonem
3085 1594 3173 1668 ad

836 1716 1145 1812 patriam
1199 1736 1437 1807 suam,
1472 1714 1719 1789 dicens
1752 1714 2272 1788 exclamative:
2310 1735 2354 1786 o
2390 1716 2804 1786 Bretinoro!
2837 1713 3036 1786 Istud
3069 1720 3177 1787 est

836 1836 1362 1911 nobilissimum
1419 1836 1800 1908 castellum
1852 1835 2062 1926 quasi
2113 1834 2186 1906 in
2239 1840 2495 1908 centro
2553 1833 3053 1908 Romandiolae
3102 1833 3171 1906 in

834 1962 1087 2031 monte
1135 1955 1356 2028 situm
1411 1976 1632 2049 supra
1683 1954 2108 2048 Forlivium,
2162 1955 2437 2027 habens
2489 1954 2930 2047 pulcerrima
2982 1974 3172 2027 moe-

835 2074 982 2166 nia,
1034 2081 1104 2148 et
1158 2075 1318 2147 loca
1367 2094 1662 2171 amoena
1715 2079 1788 2147 et
1822 2073 2123 2166 fertilia3
2166 2069 2290 2146 che*
2334 2094 2477 2144 non
2520 2076 2726 2166 suyqi
2765 2076 2932 2145 via?
2965 2073 3170 2166 quasi

836 2192 1066 2265 dicat:
1121 2212 1257 2265 cur
1309 2212 1454 2264 non
1508 2191 1786 2265 recedis
1835 2192 1928 2265 de
1979 2196 2363 2265 contrata?
2406 2195 2532 2284 poi
2578 2194 2698 2263 che
2745 2195 2894 2281 yita
2933 2213 3007 2264 se
3055 2189 3181 2264 n'e‘

837 2316 910 2386 la
960 2320 1081 2385 tua
1125 2314 1474 2405 famiylia,
1525 2311 1730 2403 idest,
1782 2317 1934 2383 tam
2005 2312 2260 2384 nobilis
2321 2317 2394 2385 et
2454 2311 2746 2385 curialis
2806 2311 3087 2404 defecit,
3139 2333 3176 2382 e

837 2434 1053 2505 molta
1099 2440 1323 2522 yeme,
1375 2451 1543 2525 quae
1595 2436 1754 2505 erat
1803 2432 2019 2524 bona,
2071 2453 2206 2523 per
2270 2452 2409 2503 non
2478 2452 2666 2503 esser
2725 2433 2842 2503 ria
2869 2438 2906 2503 ?
2970 2431 3195 2523 idest,-

839 2552 1157 2645 recessit,
1214 2572 1304 2625 ne
1357 2559 1868 2625 reservaretur
1918 2552 2009 2626 ad
2062 2552 2195 2625 ista
2247 2558 2579 2647 tempora
2632 2572 2880 2645 prava.
2925 2553 3013 2624 Et
3062 2551 3174 2625 hic

693 2755 696 2758 ‚
837 2678 1034 2764 nota,
1087 2678 1169 2744 ut
1221 2672 1489 2765 videaS,
1542 2671 1602 2744 si
1655 2693 1923 2768 magna
1976 2672 2309 2746 nobilitas
2370 2671 2661 2768 vigebat
2724 2673 2944 2766 paulo
3008 2678 3174 2747 ante

834 2793 907 2865 in
949 2794 1396 2887 Bretenorio‚
1436 2794 1632 2886 quod
1669 2800 2002 2888 tempore
2051 2794 2257 2866 istius
2290 2791 2661 2885 GuidoniS,
2696 2794 2993 2884 quando
3042 2793 3172 2867 ali-

833 2913 998 3006 quis
1050 2915 1162 2986 vir
1215 2913 1470 2988 nobilis
1511 2919 1584 2987 et
1618 2913 2061 2987 honorabilis
2102 2913 2506 3007 applicabat
2545 2913 2636 2986 ad
2673 2918 2976 3006 terram,
3014 2934 3173 2986 ma-

829 3054 973 3128 gna
1028 3033 1395 3107 contentio
1448 3038 1607 3105 erat
1655 3032 1847 3106 inter
1902 3033 2171 3105 multos
2232 3031 2509 3106 nobiles
2566 3032 2659 3105 de
2717 3032 3167 3124 Bretenori0,

832 3152 905 3224 in
973 3152 1184 3225 cuius
1248 3152 1552 3225 domum
1622 3152 1740 3225 ille
1810 3152 1969 3225 talis
2040 3152 2344 3227 forensis
2410 3151 2741 3230 deberet„
2782 3152 3161 3225 declinare.

832 3272 1140 3364 Propter
1185 3272 1382 3364 quod
1417 3271 1877 3345 concorditer
1912 3276 2418 3345 convenerunt
2452 3270 2643 3345 inter
2676 3291 2777 3364 se,
2812 3270 3008 3363 quod
3042 3290 3168 3343 co-

834 3389 1087 3461 lumna
1140 3388 1418 3482 lapidea
1471 3389 1824 3484 figeretur
1861 3390 1932 3462 in
1968 3389 2209 3463 medio
2243 3391 2503 3484 plateae
2537 3410 2712 3463 cum
2763 3389 3010 3462 multis
3042 3410 3175 3463 an-

834 3507 1023 3579 nulis
1075 3508 1356 3602 serreiS,
1408 3516 1481 3582 et
1531 3509 1768 3582 omnis
1818 3510 2343 3604 superveniens
2408 3515 2598 3584 esset
2649 3511 2910 3603 hospes
2962 3511 3169 3604 illius,

832 3608 924 3699 ad
977 3626 1188 3700 cuius
1226 3629 1586 3701 annulum
1624 3628 1961 3724 alligaret
1996 3650 2296 3722 equum.
2325 3669 2424 3681 —
2451 3634 2599 3700 Ben
2626 3634 2729 3722 sa.
2775 3628 2905 3703 Hic
2937 3629 3172 3703 Guido

833 3747 1298 3821 commendat
1351 3768 1573 3822 unam
1628 3754 1904 3822 terram
1959 3750 2054 3821 ab
2105 3769 2195 3822 eo
2247 3748 2443 3842 quod
2494 3748 2608 3821 sui
2659 3748 2935 3822 nobiles
2976 3749 3176 3823 defe-

830 3874 1116 3960 cerunt,
1169 3873 1243 3941 et
1292 3867 1476 3941 duas
1526 3867 1824 3941 damnat
1874 3867 1968 3941 ab
2011 3888 2100 3942 eo
2137 3868 2335 3962 quod
2368 3868 2609 3942 adhuc
2651 3868 2966 3942 retinent
3000 3890 3172 3942 suos

829 3986 1106 4059 nobiles
1155 3986 1610 4081 depravatos.
1665 3987 1846 4060 Dicit
1898 4008 2117 4083 ergo:
2170 3989 2298 4059 ben
2342 3991 2425 4079 sa
2478 3991 2964 4079 Baynacaval,
3010 4009 3170 4062 ma-

825 4126 1059 4201 gnum
1111 4112 1433 4179 castrum
1487 4112 1598 4179 est
1645 4106 1834 4180 inter
1885 4107 2189 4179 Imolam
2244 4110 2317 4179 et
2366 4107 2791 4179 Ravennam
2828 4101 2926 4200 (¹),
2969 4107 3165 4201 quod

830 4224 1082 4297 babuit
1140 4224 1312 4297 olim
1375 4225 1676 4299 comites
1730 4225 2031 4319 nobiles,
2084 4226 2492 4299 curialitate
2543 4226 2827 4320 plen05,·
2860 4229 2980 4298 che
3027 4247 3171 4299 non

825 4346 1116 4434 rifiqlia,
1153 4343 1358 4436 idest,
1393 4366 1538 4417 non
1589 4346 1819 4441 gignit
1869 4346 2184 4440 amplius
2232 4346 2483 4421 dulces
2525 4346 2707 4420 filios
2760 4367 2956 4440 su05,
2992 4345 3163 4439 quia

949 4603 1007 4668 (¹)
1039 4605 1100 4656 Ε.
1135 4605 1434 4655 Ravennam
1467 4611 1520 4655 et
1553 4606 1850 4656 Faventiam
1883 4610 1937 4655 et
1968 4606 2108 4669 quod
2141 4605 2338 4656 babuit.
