3704 5559
908 472 1050 537 478
1626 484 2034 538 coMEN'rUM
2083 485 2520 540 PURGAToRn

904 632 1168 706 tialiter
1202 633 1273 704 in
1311 632 1486 705 hoc:
1532 630 1590 703 si
1631 651 1844 704 amor
1886 651 2018 725 per
2053 638 2126 705 te
2159 631 2361 705 venit
2400 631 2495 704 ab
2531 638 2765 726 extra,
2803 632 2985 706 idest
3017 655 3061 707 a
3098 635 3301 729 pla-

898 752 1241 826 cibilitate
1276 751 1387 826 rei
1422 751 1685 824 oblatae
1717 750 1792 823 in
1835 771 1985 844 quo
2017 750 2264 824 anima
2301 758 2636 824 meretur
2673 753 2788 825 vel
2825 752 3297 827 demeretur

896 874 952 946 si
1006 874 1195 947 bene
1246 872 1365 947 vel
1417 872 1610 946 male
1661 879 1889 962 amat,
1925 892 2100 945 cum
2149 892 2372 946 causa
2425 871 2514 944 sit
2544 863 2614 964 (¹)
2674 873 3105 947 extrinseca.
3155 873 3294 946 Ad

896 994 1185 1068 literam
1237 1012 1418 1087 ergo
1468 997 1686 1085 poeta
1735 991 2173 1065 continuans
2224 991 2413 1065 dicta
2472 991 2816 1084 dicendiS,
2869 992 3076 1065 dicit:
3136 994 3291 1065 Ri-

898 1116 1088 1205 sposi
1135 1116 1204 1184 io
1257 1115 1378 1202 lui,
1430 1111 1724 1204 scilicet,
1778 1110 2076 1208 Virgilio
2125 1111 2446 1205 domino,
2508 1112 2694 1205 patri
2749 1120 2824 1186 et
2875 1114 3288 1209 magistro,

904 1237 963 1306 le
1014 1241 1121 1305 tue
1175 1235 1427 1324 parole
1490 1235 1578 1303 m’
1598 1234 1837 1304 hanno
1900 1235 2292 1325 discoperlo
2356 1253 2626 1324 amore,
2679 1232 2887 1327 idest,
2943 1233 3289 1307 manife-

903 1360 1284 1429 staverunt
1337 1352 1510 1424 mihi
1563 1350 1942 1426 diffinitive
1993 1352 2167 1446 quid
2219 1353 2309 1425 sit
2355 1374 2592 1446 amor,
2645 1357 2724 1425 al
2770 1357 2909 1426 mio
2959 1374 3283 1445 sequace

901 1479 1230 1566 inyeqno,
1283 1473 1486 1565 idest,
1539 1472 1832 1568 ingenio
1900 1493 2070 1547 meo
2133 1472 2331 1566 quod
2395 1473 2730 1566 sequitur
2799 1481 2910 1567 te3
2964 1495 3084 1547 ma
3145 1469 3279 1547 οἱὸ

901 1599 992 1667 m’
1018 1597 1110 1666 Ιια
1152 1599 1331 1688 sacto
1381 1597 1456 1666 di
1504 1594 1800 1666 dubbiar
1844 1588 1969 1685 pit)
2004 1614 2310 1685 preme,
2369 1593 2576 1686 quasi
2627 1592 2853 1667 dicat:
2910 1615 3002 1668 ex
3052 1595 3280 1667 solu-

903 1716 1099 1789 tione
1149 1715 1367 1810 primi
1418 1714 1616 1788 dubii
1670 1720 1929 1788 natum
1981 1719 2090 1787 est
2141 1712 2338 1788 aliud
2375 1713 2614 1787 maius
2653 1720 2727 1787 et
2767 1715 3271 1809 periculosius

902 1836 973 1908 in
1029 1841 1278 1909 mente
1330 1856 1518 1908 mea.
1553 1834 1735 1906 Nam
1773 1853 2012 1929 arguo
2056 1832 2195 1906 sic:
2233 1853 2366 1927 per
2400 1832 2469 1906 id
2506 1833 2700 1926 quod
2737 1834 2972 1907 dixisti
3008 1836 3264 1908 omnis

903 1955 1231 2049 operatio
1283 1962 1432 2027 tam
1487 1954 1680 2028 bona
1740 1974 1964 2046 quam
2040 1952 2234 2027 mala
2293 1953 2617 2047 procedit
2681 1954 2776 2027 ab
2840 1975 3115 2047 amore,
3170 1962 3263 2028 et

905 2095 1118 2148 amor
1169 2080 1571 2170 generatur
1630 2095 1673 2147 a
1738 2095 1821 2148 re
1889 2073 2221 2168 placibili,
2274 2094 2442 2167 quae
2505 2073 2815 2148 offertur
2876 2076 3080 2150 nobis
3145 2076 3257 2149 ab

907 2199 1140 2285 extra,
1192 2193 1284 2265 ad
1338 2214 1559 2285 quam
1616 2193 2153 2287 placibilitatem
2206 2192 2498 2267 animus
2549 2193 2858 2289 ligatur3
2895 2215 3074 2291 ergo
3110 2216 3255 2270 nec

908 2318 1242 2386 meretur
1295 2331 1430 2385 nec
1480 2312 1931 2386 demeretur.
1986 2311 2059 2384 Si
2112 2313 2307 2386 enim
2359 2313 2603 2386 anima
2665 2315 2886 2389 habet
2944 2336 2990 2389 a
3042 2336 3260 2390 crea-

907 2439 1070 2505 tore
1121 2431 1317 2524 quod
1368 2431 1456 2503 sit
1506 2437 1675 2526 apta
1735 2437 1907 2505 nata
1950 2430 2043 2505 ad
2102 2431 2541 2526 possendum
2605 2434 2881 2508 habere
2926 2436 3258 2530 compla-

911 2551 1351 2644 cibilitatem,
1382 2558 1455 2625 et
1482 2570 1613 2645 per
1649 2552 1871 2625 talem
1907 2551 2448 2645 dispositionem
2484 2558 2709 2645 amat,
2725 2552 2781 2624 si
2818 2560 3024 2627 amat
3058 2554 3259 2628 male

908 2692 1053 2745 non
1106 2677 1214 2745 est
1264 2693 1399 2745 sua
1450 2673 1687 2766 culpa,
1741 2672 1799 2744 si
1852 2673 2042 2747 bene
2092 2691 2239 2745 non
2292 2679 2401 2745 est
2452 2693 2672 2745 suum
2717 2673 3092 2747 meritum.
3128 2673 3257 2746 Di-

906 2793 1002 2866 cit
1052 2812 1264 2888 ergo:
1319 2789 1442 2866 che*
1485 2796 1543 2865 ε’
1570 2814 1778 2865 amor
1828 2790 1871 2867 e*
1917 2798 2193 2884 offertO,
2233 2792 2483 2867 animo
2524 2800 2798 2887 nostr0,
2836 2796 2912 2866 di
2953 2798 3151 2889 fuori
3201 2816 3255 2867 α

913 2915 1055 3004 noi,
1107 2935 1151 2986 a
1203 2913 1664 3008 placibilitate
1717 2913 1823 2988 rei
1877 2913 2328 3004 extrinsecae,
2366 2935 2403 2984 e
2448 2915 2492 2985 l’
2519 2917 2762 2985 anima
2796 2935 2941 2985 non
2978 2937 3068 2987 va
3119 2936 3251 2987 con

905 3035 1091 3105 altro
1132 3035 1364 3124 piede,
1418 3054 1645 3125 quam
1697 3053 1872 3106 cum
1926 3032 2111 3127 pede
2172 3032 2469 3125 amoriS,
2524 3033 2649 3125 qui
2721 3040 2827 3107 est
2898 3034 3254 3109 naturalis

907 3158 1174 3245 motuS,
1228 3153 1402 3245 quia
1467 3153 1714 3227 anima
1765 3159 2015 3226 creata
2082 3158 2193 3226 est
2251 3151 2345 3225 ad
2403 3151 2498 3246 id,
2551 3159 2632 3225 ut
2698 3153 2934 3227 dixisti
2999 3176 3247 3248 supra,

903 3293 1042 3343 non
1096 3269 1136 3343 e*
1181 3293 1309 3343 suo
1359 3278 1604 3362 merto,
1658 3272 1862 3360 idest,
1918 3273 2079 3346 laus
2131 3273 2249 3346 vel
2300 3273 2540 3366 culpa,
2604 3274 2728 3348 sed
2782 3274 3040 3348 obiecti
3090 3274 3250 3369 pla-

902 3389 1153 3480 cibiliS,
1200 3411 1274 3461 se
1327 3412 1416 3463 va
1466 3394 1683 3464 dritta
1717 3412 1761 3462 o
1797 3399 2008 3483 torta,
2054 3391 2258 3487 idest,
2296 3413 2428 3488 per
2480 3393 2674 3466 viam
2735 3395 3095 3469 virtutum
3132 3396 3251 3469 vel

907 3508 1279 3583 vitiorum.
1309 3551 1407 3563 —
1433 3516 1521 3583 Et
1567 3514 1696 3584 elli.
1750 3511 1880 3585 Hic
1933 3519 2147 3607 poeta
2199 3514 2449 3587 volens
2489 3514 2775 3588 solvere
2817 3513 3007 3589 istud
3065 3516 3252 3589 sorte

907 3627 1240 3723 dubium,
1295 3630 1532 3725 primo
1583 3630 1859 3705 inducit
1911 3631 2292 3727 Virgilium
2344 3640 2865 3727 protestantem
2901 3626 2998 3728 (²),
3054 3636 3250 3728 quod

908 3749 1209 3823 intendit
1260 3752 1547 3825 solvere
1601 3751 2080 3845 quaestionem
2133 3751 2541 3826 secundum
2605 3753 2976 3828 scientiam
3032 3761 3248 3828 natu-

911 3868 1142 3943 ralem
1180 3889 1326 3943 non
1376 3870 1718 3943 divinam.
1756 3869 1941 3943 Dicit
1975 3890 2195 3967 ergo:
2232 3875 2322 3943 Ec
2351 3873 2464 3943 elli
2496 3892 2543 3943 α
2579 3893 2685 3943 me
2711 3897 2735 3944 .·
2770 3875 3047 3968 supple,
3087 3874 3249 3947 Vir-

903 3988 1117 4084 gilius
1170 3989 1576 4085 respondit:
1630 3993 1746 4062 dir
1796 3992 1847 4062 ci
1889 3993 2079 4082 poss’
2105 3994 2202 4082 ic,
2256 3990 2452 4065 circa
2504 3992 2921 4087 quaesitum,
2989 4003 3251 4087 quanto

901 4112 1162 4200 raqion
1215 4113 1332 4200 qui
1385 4114 1574 4199 vede,
1628 4109 1833 4203 idest,
1886 4116 2244 4202 quantum
2300 4111 2745 4207 philosophia
2790 4114 3143 4187 naturalis
3177 4114 3249 4187 in

902 4227 1042 4301 hoc
1093 4229 1497 4322 cognoscit3
1550 4232 1647 4301 da
1695 4230 1846 4302 indi
1893 4232 1969 4302 in
2003 4219 2099 4320 ld,
2137 4229 2340 4324 idest,
2377 4230 2436 4303 si
2473 4232 2795 4306 volueris
2835 4232 3023 4307 scire
3060 4234 3247 4308 ultra

905 4344 1263 4419 rationem
1318 4347 1758 4441 naturalem,
1796 4352 2123 4441 t’aspetta
2156 4371 2304 4442 pur
2337 4371 2384 4422 α
2420 4355 2761 4444 Βεαιηίοε,
2799 4352 3004 4447 idest,
3044 4355 3251 4429 theo-

1027 4606 1080 4666 (¹)
1117 4610 1222 4666 11⁷,
1260 4607 1491 4658 videatur
1521 4610 1825 4659 extrinseca.
2272 4610 2328 4675 (¹)
2359 4611 2411 4662 S.
2446 4615 2793 4677 protestando.
