3704 5559
849 453 987 516 540
1571 463 1978 518 comENTUM
2028 462 2462 517 PURGATonn

846 608 1235 701 quitatum,
1270 608 1491 681 Josue
1525 608 1859 702 princeps
1891 608 2138 702 populi
2180 607 2401 680 Israel
2442 616 2605 700 post
2654 609 2975 702 Moysem
3012 627 3206 681 cum

847 729 1185 803 intrasset
1235 736 1510 802 terram
1565 729 2083 822 promissioniS,
2120 728 2420 802 transito
2472 727 2787 802 Jordane
2838 729 3031 822 cepit
3078 727 3204 800 ci·-

850 848 1147 922 vitatem
1199 848 1510 940 Jericb0,
1564 854 1639 921 et
1688 847 2071 940 destruxit,
2126 855 2208 920 ut
2257 847 2541 920 dicetur
2602 847 2812 939 plene
2862 845 3201 920 Paradisi

851 967 1166 1061 capitulo
1202 967 1321 1039 IX.
1359 967 1499 1040 Sed
1549 986 1722 1039 cum
1750 968 1964 1061 jussu
2009 967 2139 1042 Dei
2178 966 2591 1040 mandasset
2628 974 2709 1039 ut
2743 965 2987 1039 nullus
3025 972 3206 1037 tan-

851 1094 1059 1182 geret
1109 1085 1381 1179 aliquid
1430 1085 1522 1160 de
1572 1086 1818 1180 praeda
1870 1087 2197 1181 civitatis,
2241 1086 2535 1180 quidam
2580 1086 2878 1160 nomine
2909 1086 3198 1159 Acham

853 1206 1075 1278 nimia
1127 1204 1519 1298 cupiditate
1569 1205 1865 1278 abstulit
1914 1206 2213 1298 pallium
2268 1206 2583 1278 rubeum
2630 1212 3024 1279 etcertum
3061 1225 3201 1276 ar-

853 1332 1157 1419 gentum
1212 1329 1285 1396 et
1335 1344 1633 1414 aurum,
1671 1343 1838 1416 quae
1866 1318 1941 1416 (¹)
1979 1325 2354 1400 abscondit
2387 1326 2525 1398 sub
2567 1332 2765 1400 terra
2817 1326 2891 1398 in
2942 1324 3201 1398 taber-

854 1442 1117 1516 naculo
1151 1461 1308 1515 suo.
1350 1439 1509 1529 Qua'
1563 1462 1647 1516 re
1697 1443 1928 1516 iratus
1979 1444 2329 1516 Dominus
2364 1443 2552 1536 fecit,
2590 1444 2786 1537 quod
2822 1444 2947 1537 qui
2986 1443 3197 1515 missi

856 1568 1065 1636 erant
1124 1568 1377 1635 contra
1428 1562 1643 1635 aliam
1700 1563 2069 1637 civitatem
2128 1563 2424 1637 nomine
2483 1564 2637 1658 Hay
2691 1563 2855 1637 victi
2908 1562 3003 1637 ab
3054 1565 3196 1636 bo-

857 1681 1086 1755 stibus
1148 1688 1356 1777 terga
1407 1681 1789 1775 dederunt,
1841 1682 2125 1755 amissis
2176 1681 2455 1774 aliquot
2512 1682 2605 1755 de
2654 1682 2838 1776 suis,
2890 1689 3189 1776 propter

854 1801 1051 1894 quod
1104 1802 1325 1876 Josue
1377 1801 1636 1897 lugens
1686 1802 2052 1876 invocavit
2103 1801 2522 1894 Dominum,
2558 1807 2632 1875 et
2680 1793 3018 1892 babito(²)
3071 1820 3195 1874 re-

853 1941 1116 2015 sponso
1169 1921 1364 2014 quod
1416 1920 1708 2014 puniret
1761 1941 1975 1994 reum
2037 1920 2231 2013 furti,
2297 1921 2487 1994 facto
2547 1920 2867 2015 diligenti
2928 1920 3192 1993 scruti-

855 2039 1000 2132 nio,
1036 2039 1312 2113 Acbam
1349 2039 1816 2113 confitentem
1852 2040 2136 2112 furtum
2172 2038 2338 2113 fecit
2374 2039 2671 2133 lapidari
2724 2060 2768 2112 a
2818 2039 3084 2133 populo
3118 2049 3196 2114 et

854 2159 1101 2232 omnia
1153 2179 1287 2232 sua
1335 2158 1509 2253 igne
1558 2159 1915 2252 cremari,
1968 2167 2041 2233 et
2092 2160 2193 2232 sic
2252 2159 2561 2232 cessavit
2627 2159 2834 2231 furor
2883 2157 3190 2231 Domini.

856 2277 1039 2350 Dicit
1089 2297 1269 2372 ergo
1327 2278 1574 2372 Hugo:
1636 2282 1956 2369 Giascun,
2007 2279 2277 2353 scilicet
2332 2280 2754 2353 canentium
2795 2279 2934 2372 bic,
2978 2283 3042 2351 si
3088 2283 3196 2351 ri-

855 2399 1105 2486 corda,
1141 2397 1232 2469 ad
1276 2396 1785 2492 purgationem
1824 2398 2172 2491 avaritiae,
2209 2420 2376 2492 quae
2414 2399 2545 2471 fuit
2581 2399 2679 2473 ita
2714 2398 2963 2493 punita
2999 2399 3191 2471 saxis

856 2523 929 2590 et
979 2514 1312 2608 flammis,
1375 2519 1489 2589 del
1537 2519 1704 2608 folle
1761 2520 2051 2607 Acham,
2104 2519 2220 2591 vel
2269 2509 2343 2609 (³)
2413 2518 2669 2591 melius
2731 2517 2995 2611 Acbar,
3058 2518 3189 2610 qui

856 2636 989 2709 fuit
1042 2635 1252 2709 nimis
1303 2637 1741 2711 temerarius
1800 2645 2056 2712 contra
2117 2645 2563 2732 praeceptum
2626 2638 2935 2732 Domini,
3000 2660 3191 2711 come

856 2752 1025 2849 furo
1077 2760 1137 2830 le
1185 2760 1472 2849 spoylie,
1521 2757 1613 2832 de
1647 2757 1939 2832 civitate
1990 2758 2371 2832 maledicta
2404 2777 2449 2831 a
2491 2757 2798 2832 Domino
2834 2758 2960 2852 qui
3003 2779 3195 2854 prae-

853 2883 1150 2970 ceperat
1199 2876 1474 2950 destrui
1528 2885 1758 2951 totam
1812 2885 1887 2951 et
1935 2877 2104 2973 igne
2156 2877 2532 2971 succendi3
2584 2878 2746 2951 ideo
2810 2878 2999 2953 bene
3060 2879 3196 2952 luit

853 3015 1147 3089 poenam
1202 2997 1274 3068 in
1329 2997 1494 3070 vita.
1549 2997 1753 3070 Unde
1803 2997 2006 3071 dicit:
2043 2990 2101 3069 εὶ
2136 3000 2253 3069 che
2295 3001 2339 3069 l'
2366 3001 2483 3069 ira
2522 3001 2598 3070 di
2633 2994 2868 3088 Josue,
2904 3002 3023 3089 qui
3048 3020 3194 3092 par

854 3135 1080 3188 ancor
1131 3119 1324 3188 che’l
1369 3120 1662 3211 morda3
1718 3124 1790 3191 et
1842 3138 2021 3191 vere
2074 3138 2340 3213 magna
2395 3117 2529 3190 fuit
2579 3117 2686 3191 ira
2737 3118 2982 3212 Josue,
3018 3119 3191 3211 quia

853 3235 1019 3307 fecit
1079 3235 1261 3308 filios
1332 3242 1404 3309 et
1465 3237 1644 3310 filias
1709 3244 1782 3311 et
1832 3238 2171 3331 jumenta
2239 3237 2579 3331 cremari,
2647 3238 2841 3331 quod
2905 3239 3194 3313 videtur

852 3353 1229 3447 iniustum,
1280 3361 1354 3427 et
1406 3375 1550 3428 non
1604 3356 1844 3429 minor
1895 3357 2185 3432 videtur
2236 3357 2343 3430 ira
2395 3357 2548 3450 Dei,
2593 3358 2718 3451 qui
2770 3358 3000 3431 iratus
3034 3364 3193 3431 erat

854 3478 1107 3547 contra
1144 3480 1379 3546 totum
1419 3475 1769 3568 populum
1807 3475 2264 3550 innocentem
2309 3482 2604 3570 propter
2645 3478 2934 3571 culpam
2976 3477 3192 3550 unius

852 3592 1078 3667 avari.
1109 3596 1411 3666 —Indi.
1466 3594 1595 3667 Hic
1645 3595 1857 3691 Hugo
1910 3595 2140 3690 tangit
2187 3596 2415 3668 alium
2484 3602 2731 3670 actum
2797 3596 2954 3668 vilis
3012 3616 3190 3668 ava-

856 3714 1057 3789 ritiae.
1111 3714 1318 3808 Nam,
1375 3722 1456 3787 ut
1518 3721 1714 3810 patet
1773 3715 1974 3789 omni
2034 3715 2446 3809 christiam,
2500 3716 2572 3788 in
2632 3716 2995 3808 primitiva
3056 3716 3193 3788 Ec-

854 3834 1073 3908 clesia
1125 3834 1605 3909 multitudinis
1655 3833 2111 3908 credentium
2152 3841 2312 3908 erat
2355 3855 2484 3908 cor
2537 3856 2767 3908 unum
2824 3844 2899 3908 et
2947 3835 3191 3909 anima

856 3974 1039 4046 una3
1093 3961 1304 4028 erant
1355 3955 1574 4030 etiam
1627 3955 1763 4028 illis
1814 3954 2062 4028 omnia
2114 3955 2557 4029 communia.
2611 3954 2736 4028 Vir
2788 3975 2967 4051 ergo
3026 3956 3193 4048 qui-

851 4072 1020 4147 dam
1075 4074 1373 4149 nomine
1421 4075 1736 4149 Ananias
1788 4082 1861 4149 et
1913 4073 2215 4168 Sapbira
2254 4094 2443 4147 uxor
2479 4075 2636 4148 eius
2679 4074 2748 4145 in
2785 4074 3191 4148 Jerusalem

853 4195 1180 4267 volentes
1248 4194 1454 4287 sequi
1507 4197 1873 4290 apostolos
1926 4194 2406 4268 vendiderunt
2467 4215 2732 4290 agrum
2788 4193 3189 4288 proprium,

854 4322 926 4387 et
978 4320 1185 4405 parte
1236 4315 1446 4406 pretii
1500 4321 1806 4408 retenta,
1847 4315 2204 4408 reliquam
2247 4320 2759 4409 presentarunt
2800 4314 3014 4388 beato
3058 4314 3193 4387 Pe-

978 4495 1032 4555 (')
1065 4494 1127 4545 E.
1159 4509 1275 4559 quae
1308 4500 1481 4547 omnia
1514 4500 1792 4549 abscondit.
2047 4498 2102 4562 (²)
2138 4503 2245 4557 ¹¹7,
2280 4500 2457 4550 habuit
2490 4511 2812 4561 responsum.

979 4571 1035 4635 (⁸)
1067 4572 1128 4623 E.
1163 4574 1245 4624 vel
1277 4574 1457 4625 Achar
1487 4577 1576 4640 qui
1610 4576 1709 4628 fuit
1740 4577 2063 4627 temerarius.
