3704 5559
808 475 902 540 94
1523 485 1936 541 coMENTUM
1986 484 2427 538 PURGA‘roRn

805 630 1333 724 difficultatem,
1386 629 1678 704 dicens:
1733 632 1921 727 quivi
1980 635 2370 700 trovammo
2432 631 2505 700 la
2563 630 2803 700 νοσσία
2851 620 2912 700 εὶ
2975 635 3156 721 erla,

806 753 1012 847 idest,
1057 752 1288 847 ripam
1328 758 1478 825 tam
1515 752 1852 844 arduam,
1904 751 2026 822 che
2057 751 2363 821 'adamo
2417 751 2486 821 vi
2522 752 2764 821 sarion
2800 753 2861 822 le
2909 752 3160 841 yambe

802 880 1082 966 prome,
1161 872 1364 966 idest,
1434 872 1705 945 frustra
1767 869 1941 967 ‘quis
2008 874 2323 943 tentaret
2391 868 2792 943 ascendere
2856 869 3159 963 pedibus

811 1001 1502 1090 quantumcumque
1553 991 1756 1089 agilis
1808 996 2224 1064 montanuS.
2279 990 2367 1061 Et
2419 989 2766 1063 continuo
2817 990 3163 1065 describit

811 1115 1316 1190 difficultatem
1366 1113 1588 1186 huius
1619 1107 1693 1204 (¹)
1747 1111 2013 1186 montis
2065 1132 2198 1206 per
2233 1110 2859 1205 comparationem
2898 1111 2992 1185 ad
3027 1109 3166 1184 dif-

816 1232 1220 1310 ficultatem
1273 1240 1697 1307 nostrorum
1751 1232 2117 1306 montium
2170 1231 2604 1305 italicorum.
2658 1232 2747 1304 Et
2786 1232 2859 1304 in
2894 1231 3164 1305 effectu

815 1361 1031 1451 poeta
1084 1354 1244 1428 vult
1292 1353 1538 1427 dicere
1590 1352 1787 1447 quod
1845 1352 1920 1424 in
1986 1351 2252 1445 riperia
2313 1350 2591 1445 Januae,
2645 1351 2718 1424 in
2787 1372 2934 1448 qua
2991 1357 3165 1423 sunt

820 1475 1082 1549 itinera
1145 1472 1567 1548 difficillima
1617 1472 1977 1565 omnium,
2039 1470 2238 1544 nulla
2305 1470 2424 1544 via
2489 1477 2596 1544 est
2662 1478 2812 1545 tam
2880 1491 3163 1565 aspera,

818 1615 988 1691 quae
1039 1615 1186 1668 non
1237 1593 1329 1666 sit
1376 1592 1591 1688 plana
1642 1598 1714 1666 et
1765 1590 1992 1665 facilis
2057 1596 2394 1684 respectu
2457 1589 2681 1664 istius.
2744 1591 2948 1664 Unde
2998 1589 3166 1664 volo

823 1721 899 1789 te
949 1721 1209 1788 notare
1267 1712 1360 1786 ad
1420 1711 1960 1808 intelligendam
2028 1710 2245 1805 plane
2302 1709 2514 1783 istam
2576 1711 2896 1785 nobilem
2960 1731 3167 1785 com-

823 1834 1304 1930 parationem,
1358 1832 1571 1906 istam
1626 1830 2006 1927 regionem
2059 1829 2283 1903 fuisse
2332 1829 2507 1903 olim
2550 1831 2861 1904 alteram
2896 1837 3163 1925 cotem,

820 1974 1371 2049 quaeromanae
1422 1952 1714 2027 virtutis
1763 1951 2000 2026 aciem
2053 1951 2272 2046 longo
2325 1951 2673 2026 exercitio
2712 1971 2844 2046 per
2897 1951 3171 2024 multos

822 2095 1057 2149 annos
1109 2073 1422 2148 exacuit.
1477 2072 1680 2147 Sicut
1729 2072 1928 2146 enim
1983 2070 2232 2145 scribit
2280 2070 2527 2144 Livius
2559 2071 2877 2146 habebat
2924 2069 3173 2144 omnia

824 2194 901 2267 in
952 2213 1033 2267 se
1083 2212 1254 2286 quae
1303 2192 1661 2266 haberent
1699 2181 1772 2282 (²)
1809 2191 2055 2265 facere
2097 2210 2490 2264 romanum
2533 2190 2837 2264 militem
2877 2190 3173 2286 vigilem

827 2319 904 2388 et
956 2311 1365 2405 sollicitum,
1419 2310 1690 2387 scilicet
1751 2310 2087 2384 locorum
2142 2317 2567 2384 montanam
2617 2310 2986 2404 duritiem,
3037 2310 3173 2383 ho-

829 2432 1055 2506 stium
1125 2437 1540 2526 promptam
1602 2431 2090 2525 velocitatem,
2157 2431 2585 2505 victualium
2648 2431 3173 2523 difficultatem,

829 2551 1258 2626 insidiarum
1285 2551 1931 2646 opportunitatem,
1960 2551 2442 2624 munitionem
2472 2551 2962 2644 castellorum,
2998 2571 3177 2624 con-

835 2673 1318 2747 tinuationem
1354 2671 1719 2765 laborum,
1755 2672 2160 2766 plurimum
2197 2672 2524 2767 periculi,
2560 2672 2946 2746 minimum
2984 2690 3177 2766 prae-

827 2795 963 2890 dae,
1018 2794 1191 2867 nihil
1242 2793 1393 2868 otii.
1446 2793 1554 2866 Ex
1604 2793 1716 2866 his
1768 2814 1948 2890 ergo
1999 2793 2188 2888 vide,
2250 2794 2502 2888 lector,
2567 2800 2927 2890 quantum
2990 2813 3183 2888 prae-

828 2914 1020 2989 dicta
1072 2913 1340 2987 faciant
1385 2913 1476 2987 ad
1532 2913 2012 3007 propositum,
2066 2913 2242 3006 quia
2292 2913 2404 2987 vir
2440 2914 2743 2988 tendens
2777 2920 2850 2988 et
2897 2919 3182 2987 tentans

830 3034 1232 3109 ascendere
1281 3033 1375 3108 ad
1412 3039 1738 3108 montem
1766 3015 2104 3127 'virtutiS,
2141 3039 2521 3127 tamquam
2559 3034 2769 3109 miles
2804 3055 3177 3128 romanuS,

834 3153 1112 3227 invenit
1138 3153 1386 3227 omnia
1412 3153 1953 3247 impedimenta,
1996 3152 2184 3227 sicut
2217 3154 2376 3227 loca
2421 3160 2494 3228 et
2527 3160 2863 3249 tempora
2895 3173 3181 3247 aspera,

837 3273 1062 3346 fortes
1111 3272 1595 3367 adversarioS,
1631 3273 1979 3348 continua
2012 3272 2226 3367 bella,
2260 3275 2510 3348 omnia
2553 3274 3057 3368 incommoda3
3110 3280 3186 3348 et

837 3399 920 3465 ut
984 3392 1416 3467 concludam
1452 3414 1655 3469 “cum
1716 3393 1943 3487 Livio,
1995 3414 2168 3467 cum
2223 3393 2499 3488 ubique
2561 3401 2933 3469 terrarum
2995 3399 3186 3468 esset

840 3512 1320 3608 pugnandum
1373 3533 1545 3586 cum
1598 3513 1897 3609 singulis
1948 3513 2519 3608 difficultatibus,
2554 3515 2670 3589 hic
2721 3535 2893 3589 curn
2937 3514 3186 3588 multis

836 3653 990 3706 uno
1044 3640 1378 3727 tempore
1427 3634 1909 3729 pugnandum
1961 3638 2157 3727 erat3
2211 3641 2285 3708 et
2352 3634 2541 3709 sicut
2590 3635 2885 3711 tandem
2939 3655 3188 3709 roma-

838 3774 979 3826 nus
1028 3752 1221 3847 vicit,
1273 3752 1373 3827 ita
1424 3753 1537 3827 vir
1588 3753 1792 3827 fortis
1842 3753 2091 3827 omnia
2150 3753 2391 3828 vincit.
2446 3755 2534 3827 Et
2592 3752 2761 3829 dicit
2826 3755 3024 3851 quod
3076 3754 3190 3829 vir

843 3881 1060 3948 natus
1113 3880 1223 3947 est
1255 3873 1348 3947 ad
1383 3873 1757 3968 virtutem,
1794 3873 1982 3949 sicut
2016 3874 2171 3948 avis
2210 3875 2303 3948 ad
2345 3875 2695 3949 volatum.
2740 3876 2926 3951 Nota
2969 3877 3190 3951 etiam

839 3994 1313 4069 manifestum
1365 3979 1699 4068 errorem
1755 4013 2023 4067 eorum
2060 3994 2185 4087 qui
2228 3994 2477 4069 dicunt
2513 3996 2706 4090 quod
2743 3996 3039 4093 Liguria
3083 4006 3194 4072 est

836 4113 1273 4187 Lombardia
1322 4114 1560 4207 plana,
1614 4113 1762 4187 imo
1814 4113 2089 4188 directe
2121 4104 2192 4205 (³)
2260 4136 2392 4209 per
2460 4116 2914 4190 contrarium
2981 4116 3190 4213 regio

837 4240 1209 4327 montana,
1264 4253 1432 4329 quae
1482 4240 1594 4308 est
1645 4233 1834 4307 inter
1887 4234 2165 4307 Varum
2221 4241 2296 4308 et
2344 4237 2665 4311 Macram
2729 4238 3057 4332 flumina,
3109 4243 3193 4311 ut

835 4353 937 4427 ait
986 4353 1265 4427 FloruS.
1321 4354 1462 4428 Per
1511 4355 1652 4429 hoc
1712 4375 1893 4450 ergo
1955 4361 2171 4449 poeta
2235 4358 2550 4432 ostendit
2608 4381 2835 4455 quam
2888 4359 3193 4435 difficilis

971 4619 1025 4683 (¹)
1062 4624 1168 4682 11⁷,
1203 4619 1347 4671 illius
1378 4622 1584 4673 montis.
1834 4623 1891 4686 (¹)
1923 4623 1975 4675 S.
2008 4624 2281 4677 habehant.
2534 4627 2586 4689 (⁸)
2620 4626 2681 4678 E.
2716 4627 2914 4677 directe
2946 4631 3024 4677 est
3053 4639 3165 4690 per.
