3704 5559
1469 493 1744 548 CANTUS
1795 492 2080 546 PmMUs.
2900 480 2942 543 ὃ

599 640 780 713 Dicit
831 662 1013 736 ergo
1064 639 1340 735 primo:
1379 660 1497 711 ma
1548 643 1619 711 la
1656 642 1852 730 poesi
1893 646 2151 728 morta,
2193 637 2398 730 idest,
2435 637 2732 711 scientia
2769 655 2947 730 poe-

600 761 735 834 tica
792 767 1109 834 mortua.
1179 760 1442 834 Dicunt
1502 759 1726 852 aliqui
1780 758 1976 851 quod
2042 765 2258 852 poeta
2310 758 2449 830 hoc
2515 757 2707 849 dicit,
2773 756 2946 850 quia

598 880 934 954 tractavit
984 879 1076 953 de
1130 880 1476 972 mortuis;
1529 878 1653 952 sed
1707 878 2028 973 intellige
2063 898 2261 970 sane,
2301 876 2471 970 quia
2524 876 2760 970 poesis
2803 897 2948 949 non

599 1006 832 1093 potest
884 1000 1096 1093 mori,
1152 1000 1278 1073 sed
1332 1004 1625 1072 mortua
1677 998 1858 1071 idest
1919 998 2252 1092 neglecta
2305 1004 2379 1069 et
2429 998 2705 1069 calcata
2758 1001 2950 1069 tem-

602 1140 780 1213 pore
832 1140 1001 1211 suo;
1056 1119 1269 1192 hodie
1320 1139 1501 1191 vero
1553 1124 1788 1211 potest
1823 1117 1962 1190 dici
1997 1123 2288 1190 mortua
2329 1123 2402 1189 et
2442 1118 2748 1209 sepulta,
2783 1115 2946 1188 ideo

601 1240 815 1313 dicit:
869 1243 1161 1328 risurya
1213 1242 1354 1328 qui,
1408 1237 1611 1331 idest,
1667 1237 2053 1311 reviviscat
2106 1238 2179 1309 in
2215 1238 2348 1311 ista
2387 1237 2693 1309 materia
2733 1255 2946 1327 nova,

602 1379 826 1452 quam
882 1379 1079 1431 nunc
1129 1356 1423 1430 intendo
1474 1356 1797 1452 aggredi.
1852 1357 2056 1431 Unde
2106 1356 2320 1430 dicit:
2376 1377 2419 1427 ο
2478 1364 2676 1429 sante
2725 1360 2947 1445 Musa,

603 1500 770 1572 quae
843 1478 1112 1551 faciunt
1180 1477 1509 1549 homines
1577 1483 1865 1549 sanctos
1902 1470 1974 1568 (¹)
2048 1483 2121 1549 et
2188 1496 2437 1549 sacros
2487 1477 2700 1569 juxta
2771 1474 2948 1547 illud

603 1598 812 1671 Tullii
883 1599 954 1670 in
1022 1598 1353 1671 oratione
1420 1618 1554 1692 pro
1621 1597 1845 1670 Lucio
1923 1597 2186 1670 Archia
2263 1604 2713 1690 praeceptore
2785 1616 2944 1668 suo.

603 1720 849 1805 Quare
899 1739 1035 1791 suo
1077 1720 1251 1812 jure
1302 1724 1550 1791 noster
1585 1716 1705 1790 ille
1739 1716 2012 1789 Ennius
2061 1723 2347 1789 sanctos
2399 1723 2648 1809 poetas
2700 1715 2950 1808 appel-

605 1838 729 1930 lat,
767 1839 961 1931 quod
1013 1839 1221 1932 quasi
1273 1839 1581 1912 deorum
1621 1837 1868 1931 aliquo
1917 1836 2109 1910 dono
2144 1844 2217 1911 et
2268 1857 2582 1910 munere
2617 1856 2952 1909 commo-

602 1956 747 2030 dati
801 1958 1007 2030 nobis
1059 1979 1219 2031 esse
1271 1957 1676 2031 videantur.
1739 1958 1996 2031 Nonne
2054 1957 2289 2051 poesis
2350 1956 2518 2030 fecit
2575 1956 2948 2030 hominem

606 2074 821 2147 istum
861 2075 952 2150 de
988 2083 1372 2171 peccatore
1406 2083 1739 2150 sanctum
1773 2080 1805 2147 ‘2
1841 2079 1967 2167 poi
2003 2078 2121 2148 che
2160 2085 2396 2150 vostro
2438 2097 2638 2167 son0,
2680 2076 2953 2150 scilicet

604 2201 837 2288 poeta,
891 2196 1093 2290 idest,
1147 2204 1534 2291 postquam
1585 2216 1751 2267 sum
1784 2187 1857 2287 (²)
1898 2196 1971 2268 in
2008 2202 2244 2268 totum
2282 2195 2562 2269 deditus
2597 2197 2849 2270 studiis
2873 2186 2948 2289 (³)

604 2318 884 2409 vestriS,
936 2323 1011 2391 et
1070 2317 1367 2413 egregie
1435 2317 1723 2410 poetavi
1791 2317 1987 2389 circa
2050 2316 2434 2390 materiam
2506 2317 2787 2391 inferni.
2860 2318 2947 2391 Et

604 2436 1031 2509 nominatim
1087 2437 1375 2511 invocat
1427 2436 2102 2529 principalissimam
2149 2438 2551 2530 Musarum,
2606 2458 2774 2530 quae
2817 2459 2950 2512 vo-

605 2561 815 2628 catur
869 2556 1207 2650 Calliope,
1261 2562 1333 2629 et
1385 2562 1493 2629 est
1538 2557 1889 2648 eloquens
1930 2556 2454 2649 pronuntiati03
2505 2556 2699 2630 unde
2739 2557 2946 2631 dicit:

605 2697 641 2746 e
690 2678 808 2765 qui
864 2678 1164 2766 Calliope
1213 2678 1547 2767 alquanto
1594 2696 1843 2766 surya,
1887 2675 2089 2768 idest,
2128 2675 2521 2749 invalescat
2562 2683 2635 2748 et
2678 2677 2951 2750 exaltet

605 2816 862 2869 vocem
915 2816 1149 2869 suam.
1204 2795 1309 2867 Ad
1362 2795 1559 2887 quod
1611 2801 1783 2868 nota
1820 2794 2016 2887 quod
2058 2803 2273 2888 poeta
2313 2801 2558 2868 noster
2610 2816 2788 2868 usus
2839 2805 2952 2871 est

606 2915 1019 3008 eloquentia
1085 2915 1159 2988 in
1226 2915 1463 3009 primo
1518 2914 1737 3007 libro,
1792 2935 1962 2987 nam
2016 2914 2418 2987 introduxit
2476 2916 2948 3009 Mercurium,

607 3036 731 3128 qui
778 3042 887 3108 est
937 3035 1119 3108 deus
1155 3035 1616 3127 eloquentiae,
1651 3034 2102 3128 aperientem
2141 3034 2274 3106 sibi
2309 3041 2597 3129 portam
2641 3035 2946 3109 civitatis

606 3155 972 3229 infernalis
1024 3177 1193 3229 cum
1250 3176 1399 3228 una
1455 3155 1681 3250 virga,
1728 3154 1925 3247 quod
1977 3155 2336 3228 subtiliter
2388 3155 2799 3249 expositum
2843 3162 2956 3229 est

606 3276 871 3349 Inferni
922 3276 1237 3369 capitulo
1292 3296 1505 3348 nono.
1560 3274 1690 3347 Hic
1741 3295 1924 3348 vero
1974 3274 2246 3370 indiget
2291 3275 2549 3348 maiori
2600 3277 2953 3370 eloquen-

610 3394 745 3488 tia3
799 3396 873 3466 in
939 3396 1273 3488 paradiso
1334 3416 1515 3469 vero
1584 3401 1839 3468 utetur
1901 3395 2225 3469 maxima
2296 3396 2714 3488 eloquentia
2778 3418 2951 3470 cum

607 3513 925 3607 perfecta
975 3514 1344 3609 sapientia.
1383 3514 1489 3587 Ad
1526 3514 2075 3609 intelligentiam
2112 3521 2363 3588 autem
2406 3516 2695 3608 plenam
2734 3518 2953 3590 huius

609 3632 1080 3706 invocationis
1131 3641 1205 3707 et
1254 3634 1566 3707 aliarum
1618 3635 1984 3707 factarum
2055 3645 2129 3710 et
2189 3635 2596 3709 fiendarum
2660 3636 2732 3708 in
2802 3644 2954 3710 toto

609 3761 949 3847 poemate
1000 3754 1245 3826 Dantis
1299 3761 1407 3827 est
1469 3754 1897 3849 notandum,
1960 3755 2156 3848 quod
2209 3777 2465 3830 omnes
2515 3763 2753 3850 poetae
2802 3764 2953 3830 tam

608 3872 830 3966 graeci
892 3893 1117 3965 quam
1187 3873 1385 3946 latini
1457 3873 1741 3968 fingunt
1811 3895 2078 3948 novem
2145 3877 2408 3968 MusaS,
2474 3875 2566 3949 de
2633 3897 2954 3968 quarum

613 4012 926 4066 numero
978 3999 1052 4067 et
1104 3994 1400 4066 nomine
1463 4014 1722 4067 omnes
1781 3994 2179 4069 convenire
2243 3995 2620 4088 videntur3
2683 3997 2810 4070 sed
2867 3997 2961 4071 de

611 4113 887 4206 ordine,
926 4115 1197 4187 virtute
1240 4121 1313 4187 et
1344 4102 1414 4205 (⁴)
1456 4114 1905 4208 proprietate
1940 4121 2051 4188 est
2084 4135 2352 4210 magna
2388 4114 2787 4190 diversitas.
2824 4118 2960 4192 Alii

611 4233 803 4306 enim
857 4233 1105 4307 dicunt
1156 4235 1352 4328 quod
1405 4241 1578 4307 sunt
1630 4255 1896 4308 novem
1951 4255 2205 4329 sperae,
2261 4235 2448 4309 sicut
2498 4236 2957 4332 Macrobius3

607 4350 727 4423 alii
779 4353 975 4444 quod
1027 4361 1196 4426 sunt
1247 4375 1516 4428 novem
1570 4354 2056 4428 instrumenta
2110 4355 2496 4429 formativa
2563 4356 2761 4429 vocis
2816 4358 2958 4429 hu-

731 4540 785 4601 (⁸)
820 4544 927 4598 117,
961 4547 1163 4591 sanctos
1186 4543 1333 4606 juxta
1366 4543 1514 4593 illud.
1732 4542 1786 4602 (¹)
1819 4542 1873 4592 S.
1907 4557 2022 4592 sum
2061 4549 2199 4593 totus
2231 4545 2447 4594 dedituS.

734 4615 786 4679 (⁸)
820 4616 880 4665 E.
915 4618 1108 4678 studiis,
1143 4623 1195 4668 et
1227 4620 1451 4684 egregie.
1733 4619 1786 4680 (⁸)
1820 4619 1882 4669 E.
1914 4625 1967 4671 et
2001 4621 2189 4683 pietate
2222 4626 2301 4671 est
2332 4621 2553 4671 maxima
2586 4620 2865 4671 diversitas.
