3704 5559
1344 497 1622 552 CANTns
1671 498 2027 563 QUARTUs.
2717 485 2852 552 137

518 641 1196 738 dentempulcram
1249 641 1818 735 speculationem
1873 662 2086 715 suam
2138 640 2425 734 iniuste,
2480 642 2652 736 quia
2706 641 2858 734 ipse

511 762 710 856 juste
758 760 1087 835 irriserat
1137 761 1499 855 pigritiem
1555 768 1845 855 turpem
1899 762 2109 834 illius.
2169 761 2367 835 Unde
2428 768 2598 835 nota
2661 760 2858 855 quod

520 882 927 958 secundum
955 882 1433 956 Ptolomaeum
1463 882 1535 956 in
1563 881 1911 976 principio
1939 882 2050 956 sui
2074 881 2597 975 quadripartiti,
2620 887 2858 954 astro-

519 1002 709 1099 logia
761 1002 979 1076 habet
1013 1002 1196 1076 duas
1236 1010 1499 1096 partes,
1539 1023 1858 1096 quarum
1908 1024 2055 1076 una
2107 1010 2216 1076 est
2265 1003 2357 1076 de
2398 1002 2710 1096 judiciiS,
2747 1001 2854 1074 al-

520 1129 680 1197 tera
727 1122 819 1196 de
871 1122 1235 1195 motibus:
1290 1122 1523 1215 prima
1575 1122 1633 1194 si
1686 1122 1776 1194 sit
1840 1142 2015 1196 vera
2079 1123 2194 1196 vel
2258 1122 2543 1215 scibiliS,
2609 1129 2852 1195 tamen

523 1241 845 1316 nondum
897 1242 1186 1317 videtur
1235 1243 1451 1335 scita3
1504 1243 1666 1317 ideo
1718 1243 1844 1336 qui
1899 1245 2182 1317 laborat
2227 1244 2420 1317 circa
2468 1264 2657 1336 eam,
2697 1263 2857 1316 me-

522 1362 661 1436 rito
711 1362 1001 1436 videtur
1050 1362 1459 1436 irridendus
1510 1383 1655 1435 non
1708 1363 1947 1435 solum
2002 1363 2095 1436 ab
2146 1363 2673 1458 ignorantibuS,
2726 1361 2854 1435 sed

522 1482 738 1558 etiam
791 1503 838 1555 a
888 1482 1060 1555 viris
1111 1482 1573 1577 sapientibus.
1620 1482 1821 1555 Hanc
1869 1489 2154 1575 partem
2195 1482 2608 1575 astrologiae
2642 1486 2855 1573 poeta

522 1607 769 1677 noster
816 1601 1188 1676 damnavit
1239 1608 1312 1675 et
1372 1601 1770 1695 increpavit
1831 1601 2130 1697 egregie
2170 1602 2302 1673 XX
2369 1600 2685 1693 capitulo
2739 1600 2854 1671 In-

523 1722 730 1815 ferni,
780 1721 952 1815 quia
1003 1720 1277 1795 inducit
1345 1722 1674 1795 homines
1741 1721 1832 1794 ad
1861 1716 1935 1811 (¹)
2002 1740 2294 1794 errores
2357 1720 2648 1792 multos,
2702 1717 2856 1790 Alia

521 1861 691 1937 pars
736 1841 1150 1937 astrologiae
1201 1846 1310 1913 est
1360 1841 1452 1913 de
1505 1841 1847 1933 motibus,
1883 1848 1955 1914 et
1991 1840 2125 1913 ista
2159 1845 2269 1913 est
2315 1838 2525 1911 valde
2575 1837 2854 1929 nobilis,

523 1960 715 2034 utilis
765 1968 842 2035 et
892 1960 1320 2035 necessaria.
1366 1960 1570 2035 Unde
1618 1960 1815 2034 enim
1868 1959 2183 2034 Ecclesia
2238 1958 2455 2032 habet
2504 1957 2857 2032 Calenda-

526 2081 719 2155 rium
773 2088 847 2155 et
896 2101 1212 2155 aureum
1253 2100 1672 2173 numerum,
1704 2069 1789 2154 'et
1823 2081 1963 2153 alia
2007 2080 2234 2153 multa
2290 2079 2421 2151 nisi
2472 2077 2568 2151 ab
2617 2083 2857 2150 astro-

527 2200 765 2297 logis?
815 2200 983 2273 Ideo
1004 2191 1078 2291 (²)
1117 2199 1206 2273 ad
1262 2200 1747 2293 propositum:
1803 2199 1937 2273 iste
1987 2200 2193 2294 piger
2243 2197 2511 2270 inutilis
2562 2196 2860 2291 indigne

523 2317 869 2393 irridebat
917 2318 1223 2392 Dantem
1279 2325 1661 2393 vacantem
1726 2339 1924 2393 nunc
1983 2318 2453 2414 speculationi
2516 2322 2856 2389 motuum

523 2439 959 2534 coelestium,
992 2440 1178 2513 sicut
1230 2459 1273 2512 e
1322 2446 1575 2513 contra
1626 2439 1965 2534 Virgilius
2016 2439 2232 2534 digne
2267 2438 2626 2531 increpuit
2678 2457 2852 2510 eum

522 2559 1022 2655 deplorantem
1075 2559 1560 2634 infelicitatem
1616 2560 2155 2653 astrologorum
2211 2557 2724 2648 divinatorum,
2775 2562 2857 2627 ut

522 2684 720 2777 patet
768 2679 1112 2775 praedicto
1162 2679 1479 2774 capitulo
1532 2679 1684 2750 XX.
1739 2677 1857 2751 Sic
1908 2696 2087 2772 ergo
2147 2674 2589 2769 patetquod
2643 2680 2857 2766 poeta

526 2806 776 2875 noster
824 2802 962 2874 sub
1012 2801 1148 2876 ista
1198 2800 1487 2874 fictione
1537 2798 1659 2871 dat
1709 2798 1917 2871 nobis
1958 2797 2360 2891 intelligere
2413 2814 2696 2868 morem
2751 2793 2858 2888 pi-

520 2921 635 3019 gri
687 2921 814 3015 qui
864 2920 1212 2994 truffatur
1260 2921 1352 2994 de
1403 2919 1576 2995 viris
1627 2917 2092 3012 sapientibus,
2146 2915 2269 3008 qui
2337 2914 2637 3010 fatigant
2699 2913 2858 2985 ani-

524 3061 731 3114 mum
784 3040 978 3114 circa
1027 3040 1516 3136 cognitionem
1557 3059 1809 3111 rerum
1847 3037 2305 3110 occultarum
2343 3041 2418 3106 et
2457 3033 2858 3124 subtilium,

522 3179 697 3236 cum
747 3159 878 3255 ipsi
932 3166 1310 3234 marceant
1359 3158 1529 3251 otio,
1583 3164 1658 3231 et
1707 3156 1981 3230 audent
2031 3154 2309 3228 dicere:
2366 3153 2543 3226 nulli
2604 3172 2858 3245 noceo,

523 3278 699 3354 nibil
749 3278 922 3352 mali
974 3279 1198 3371 saci03
1251 3277 1376 3352 sed
1413 3276 1849 3370 impossibile
1884 3281 1993 3348 est
2027 3274 2215 3348 bene
2257 3292 2483 3368 agere
2516 3278 2859 3367 agentem

524 3399 719 3494 nihil,
790 3405 874 3472 ut
933 3406 1239 3473 testatur
1308 3397 1772 3492 philosophus
1839 3395 2025 3468 libro
2077 3394 2567 3468 Politicorum.
2632 3392 2863 3465 Vadat

525 3537 705 3617 ergo
756 3519 1058 3612 Bilaqua
1109 3526 1183 3592 et
1233 3523 1559 3591 marceat
1609 3536 1779 3589 cum
1835 3535 2028 3607 aqua
2088 3535 2244 3586 sua.
2312 3513 2395 3585 Et
2449 3523 2553 3601 tu,
2606 3513 2860 3604 lector,

525 3662 671 3717 non
722 3640 1012 3715 mireris
1044 3639 1103 3713 si
1143 3644 1358 3733 poeta
1394 3636 1675 3709 induxit
1710 3635 1932 3708 istum
1972 3641 2117 3707 tam
2156 3634 2553 3707 obscurum
2592 3633 2663 3703 in
2707 3638 2856 3705 tam

526 3761 744 3836 nobili
796 3760 1128 3853 materia,
1194 3764 1268 3832 et
1326 3757 1748 3850 exemplum
1811 3761 2047 3849 poetae
2097 3752 2391 3826 studeas
2440 3751 2858 3823 imitari.—

525 3884 608 3955 Li
650 3885 797 3955 atti.
850 3880 982 3954 Hic
1030 3884 1245 3974 poeta
1295 3875 1607 3951 ostendit
1656 3873 2029 3968 quomodo
2087 3891 2177 3945 ex
2231 3870 2514 3943 actibus
2565 3877 2637 3943 et
2690 3890 2860 3942 ver-

526 4000 638 4080 bis
684 4000 894 4075 istius
942 4000 1097 4096 ipse
1147 3997 1505 4092 receperit
1555 3995 1782 4068 risum
1847 4000 1923 4068 et
1984 3990 2549 4066 consolationem
2616 3990 2861 4084 simul,

525 4119 815 4196 dicens:
867 4123 949 4193 Li
988 4122 1114 4192 aui
1143 4121 1297 4191 suoi
1318 4120 1541 4210 piari,
1596 4114 1849 4209 quales
1899 4111 2196 4185 suerunt
2225 4101 2299 4202 (³)
2335 4110 2696 4204 audivisti,
2731 4131 2768 4181 e
2800 4111 2864 4182 le

529 4246 720 4314 corte
760 4244 1037 4332 parole,
1089 4239 1262 4334 quia
1311 4239 1597 4313 dixerat
1648 4242 1931 4310 tantum
1986 4232 2134 4306 duo
2190 4232 2436 4324 verba,
2480 4252 2648 4323 quae
2701 4231 2863 4307 fue-

533 4366 701 4436 rant
748 4359 897 4436 duo
946 4365 1351 4435 scommata
1401 4380 1560 4451 sua,
1597 4376 1863 4429 mosser
1898 4357 1961 4427 le
1993 4354 2201 4427 labra
2253 4356 2394 4424 mia
2444 4372 2537 4423 un
2580 4373 2763 4442 poco
2814 4373 2863 4423 a

647 4545 702 4608 (¹)
732 4543 786 4597 S.
815 4559 848 4596 ο
879 4546 941 4596 Β.
975 4546 1026 4595 in
1056 4558 1282 4596 errores.
1533 4540 1590 4605 (¹)
1624 4542 1684 4591 B.
1717 4542 1878 4592 Modo
1911 4540 1973 4590 nd
2007 4541 2354 4603 propositum:
2389 4538 2507 4588 ideo
2537 4538 2632 4586 iste
2667 4539 2828 4601 piger.

649 4618 704 4683 θ
733 4620 787 4672 8.
818 4634 850 4673 e
874 4621 943 4672 Β.
975 4620 1185 4672 fuerint.
