3704 5559
1357 502 1633 557 CAN'rus
1682 503 2011 568 QuuvTUs.
2712 490 2848 555 149

507 668 658 740 quo
712 647 923 720 nimis
952 640 1027 739 (⁴)
1083 647 1429 741 temporis
1482 646 1903 741 expendisti.
1934 687 2031 699 —
2067 652 2127 718 0
2161 649 2423 719 anima.
2469 647 2598 720 Hic
2633 653 2848 741 poeta

507 768 845 843 describit
896 767 1302 840 orationem
1366 769 1673 840 istorum
1741 768 2216 860 venientium,
2283 768 2409 861 qui
2475 774 2848 861 captantes

506 888 1091 964 benevolentiam
1157 888 1430 961 faciunt
1489 888 1910 983 petitionem
1965 909 2207 981 suam;
2261 888 2457 962 unde
2506 889 2720 961 dicit:
2774 894 2850 962 et

508 1009 647 1082 illae
695 1008 984 1101 auimae,
1023 1011 1275 1080 venian
1321 1011 1707 1100 yridandO,
1742 1030 1786 1082 a
1834 1009 2072 1104 longe,
2116 1031 2160 1081 o
2211 1013 2478 1099 anima,
2530 1016 2604 1083 et
2656 1010 2845 1083 bene
2929 996 2930 999 Ὺ

507 1129 777 1223 dicunt,
830 1130 1004 1223 quia
1053 1129 1320 1202 Dantes
1372 1149 1542 1201 cum
1580 1129 1827 1203 animo
1865 1129 2012 1204 ibat
2048 1150 2178 1225 per
2227 1131 2606 1225 regionem
2647 1150 2850 1203 mor-

507 1257 836 1344 tuorum,
889 1251 1054 1325 licet
1107 1251 1358 1324 vivens
1406 1249 1646 1325 adhuc
1696 1270 1869 1325 cum
1922 1271 2170 1344 carne,
2221 1254 2339 1323 che
2391 1255 2509 1323 vai
2548 1273 2684 1343 per
2740 1272 2847 1323 es-

506 1391 621 1444 ser
671 1373 857 1462 lietu,
910 1371 1082 1464 quia
1133 1370 1424 1463 scilicet,
1463 1370 1692 1444 tendis
1726 1370 1817 1444 ad
1856 1372 2127 1445 coelum
2167 1390 2295 1465 per
2331 1370 2845 1467 purgationem

508 1501 1006 1588 peccatorum,
1041 1513 1173 1565 con
1207 1494 1421 1583 quelle
1454 1492 1767 1563 membra
1801 1512 1933 1563 con
1974 1494 2035 1563 le
2069 1496 2236 1582 quai
2275 1495 2594 1582 nascesci,
2648 1490 2846 1583 qu0d

507 1620 619 1688 est
668 1612 1038 1707 singulare
1087 1612 1364 1685 donum
1417 1611 1568 1704 Dei,
1621 1632 1716 1684 un
1759 1633 1940 1703 poco
1990 1614 2043 1683 il
2085 1632 2300 1703 passo
2352 1619 2579 1702 queta,
2640 1611 2842 1704 idest,

508 1751 890 1806 remorare
942 1731 1334 1804 modicum.
1360 1802 1361 1805 Ν
1389 1731 1475 1804 Et
1525 1732 1827 1805 adverte
1882 1731 1995 1804 hic
2039 1731 2236 1824 quod
2277 1731 2412 1804 ista
2453 1731 2662 1804 litera
2699 1750 2843 1803 nou

508 1852 796 1927 videtur
860 1852 1048 1925 bene
1112 1872 1397 1944 sonare,
1451 1852 1648 1944 quia,
1702 1858 1784 1924 ut
1830 1852 1989 1946 Jam
2051 1851 2327 1924 dictum
2395 1857 2526 1945 est,
2579 1852 2845 1924 animae

506 1972 661 2047 istae
710 1977 922 2046 erant
972 1971 1472 2065 velocissimae,
1506 1978 1581 2045 et
1619 1992 1766 2044 uno
1805 1978 2178 2045 momento
2215 1972 2617 2068 attigissent
2651 1972 2845 2044 Dan-

505 2098 655 2167 tem
710 2091 1203 2168 tardissimum
1257 2091 1618 2187 gravitate
1657 2092 2004 2186 corporis,
2043 2091 2446 2197 Dicendum
2501 2090 2844 2184 breviter,

507 2213 704 2308 quod
756 2233 903 2285 non
953 2213 1338 2306 oportebat
1390 2213 1587 2305 quod
1638 2212 1907 2286 Dantes
1957 2219 2357 2287 arrestaret
2410 2232 2490 2286 se
2550 2217 2847 2305 propter

508 2338 921 2428 expectare,
955 2332 1080 2406 sed
1122 2332 1294 2425 quia
1348 2352 1493 2404 non
1547 2332 1931 2406 videbatur
1980 2332 2260 2428 dignari
2313 2332 2676 2405 ascultare
2719 2350 2847 2404 eos

506 2453 750 2529 eundo
808 2452 1175 2526 continuo.
1240 2452 1443 2526 Unde
1508 2452 1804 2525 dicunt:
1857 2455 2169 2543 guarda,
2231 2454 2288 2523 s'
2313 2454 2519 2523 alcun
2587 2453 2661 2523 di
2725 2451 2848 2521 noi

505 2593 744 2665 unqua
792 2575 1066 2663 cede-sti,
1119 2572 1388 2647 scilicet
1441 2572 1806 2646 viventem
1861 2573 1934 2644 in
1990 2572 2288 2664 mundo,
2341 2563 2399 2642 εὶ
2459 2572 2577 2642 clze
2625 2573 2700 2642 di
2750 2572 2846 2641 lui

505 2686 686 2768 diui
719 2697 982 2767 novelle
1015 2696 1228 2787 porti.
1284 2694 1371 2766 Et
1423 2692 1596 2787 quia
1648 2702 1884 2786 poeta,
1928 2692 2143 2787 Juxta
2193 2697 2643 2786 praeceptum
2682 2689 2846 2763 Vir-

505 2818 675 2915 gilii,
729 2837 875 2891 non
934 2837 1014 2890 se
1063 2817 1494 2909 arrestabat,
1554 2823 1628 2890 et
1694 2837 1837 2888 non
1903 2836 1983 2889 se
2053 2816 2478 2891 revolvebat
2540 2815 2632 2890 ad
2694 2834 2845 2907 eoS,

504 2938 756 3013 dicunt
797 2936 1250 3032 suppliciter:
1290 2939 1483 3009 Dela!
1524 2955 1692 3030 quae
1743 2943 1852 3010 est
1892 2936 2107 3009 dictio
2158 2935 2645 3030 deprecativa,
2675 2957 2848 3027 per-

504 3055 626 3134 che*
656 3062 799 3149 vai,
832 3057 1037 3150 idest,
1066 3078 1300 3151 quare
1334 3078 1478 3131 non
1514 3077 1753 3131 cessas
1797 3057 1891 3129 ab
1926 3055 2228 3131 eundo?
2261 3059 2390 3130 dele
2416 3054 2673 3150 perche*
2703 3077 2848 3129 uon

507 3179 892 3253 turres-u?
942 3178 1027 3251 Et
1077 3177 1427 3270 videnteS‚
1464 3177 1660 3270 quod
1710 3177 1980 3249 Dantes
2033 3196 2176 3248 non
2229 3177 2613 3250 videbatur
2656 3174 2846 3250 flecti

505 3299 598 3374 ad
649 3317 904 3394 preces
953 3317 1241 3391 eorum,
1297 3304 1380 3370 ut
1429 3305 1773 3372 moveant
1826 3297 2060 3392 ipsum
2116 3297 2208 3371 ad
2268 3296 2850 3373 commiseratio-

500 3437 678 3495 nem
749 3424 1052 3492 narrant
1111 3438 1376 3491 eorum
1442 3417 1931 3491 miserabilem
2003 3425 2345 3511 mortem,
2412 3424 2487 3492 et
2548 3417 2845 3491 dicunt:

507 3543 627 3616 noi
667 3544 937 3635 summo
982 3529 1106 3630 9ίά
1158 3541 1304 3611 tutti
1343 3559 1478 3629 per
1521 3540 1740 3630 forza
1790 3541 2026 3628 morti,
2078 3538 2283 3632 idest,
2336 3538 2721 3631 interfecti,
2773 3544 2847 3612 et

506 3659 646 3736 viri
697 3658 1021 3734 valentes
1083 3657 1384 3751 mundo,
1435 3679 1473 3730 e
1539 3661 1894 3749 peccatori
1940 3660 2157 3749 infino
2228 3659 2345 3730 all'
2370 3662 2614 3731 ultima
2682 3679 2847 3750 ora,

509 3779 665 3856 sine
706 3778 1127 3874 poenitentia
1163 3778 1236 3851 in
1273 3778 1445 3871 vita,
1480 3786 1557 3854 et
1594 3785 1839 3853 tamen
1877 3778 2292 3853 meruimus
2327 3778 2615 3853 veniam
2652 3779 2848 3874 apud

507 3900 787 3993 Deum3
838 3897 1034 3971 unde
1100 3897 1317 3971 dicit:
1388 3900 1599 3992 quivi,
1669 3898 1941 3973 scilicet
1999 3899 2072 3971 in
2139 3898 2434 3992 ultimiS‚
2496 3903 2676 3973 lume
2736 3901 2853 3972 del

506 4026 659 4114 ciel,
708 4022 913 4117 idest,
952 4022 1188 4119 gratia
1240 4022 1395 4116 Dei,
1439 4044 1526 4094 ne
1567 4024 1716 4117 fece
1766 4026 2032 4096 accorti
2044 4048 2075 4116 ,·
2111 4028 2181 4095 et
2220 4022 2408 4096 bene
2444 4021 2636 4115 dicit,
2673 4021 2848 4116 quia

506 4142 897 4241 singularis
940 4142 1176 4239 gratia
1228 4142 1357 4217 Dei
1407 4149 1517 4217 est
1570 4143 1641 4215 in
1697 4143 1984 4236 talibuS‚
2034 4163 2204 4217 cum
2260 4142 2450 4217 dicat
2500 4142 2851 4239 Augusti-

508 4281 695 4338 nus:
772 4266 931 4337 Hac
1004 4265 1614 4336 animadversione
1679 4266 2062 4336 concutitur
2124 4271 2484 4355 peccator,
2551 4270 2629 4337 ul
2697 4284 2851 4337 mo-

503 4386 697 4458 riens
762 4383 1205 4456 obliviscatur
1270 4385 1404 4474 sui,
1473 4385 1592 4477 qul
1657 4385 1822 4455 dum
1892 4386 2149 4457 viveret
2216 4386 2459 4457 oblitus
2528 4392 2629 4457 est
2691 4389 2843 4458 Dei.

636 4637 691 4698 (¹)
724 4638 785 4688 Ε.
818 4637 1054 4688 nimium.
