3704 5559
1183 496 1466 551 CANTUs
1516 498 1828 553 nEclMUs
1877 499 2230 565 QUARTUS,
2730 489 2872 555 377

525 654 634 723 aet
667 647 903 719 multo
938 642 1237 718 brevius
1271 644 1624 738 spatium,
1662 666 1835 718 nam
1865 645 2132 739 ArnuS,
2159 646 2285 740 qui
2325 647 2647 721 nascitur
2684 647 2874 721 forte

526 788 657 862 per
709 764 961 861 viginti
1034 762 1364 838 milliaria
1435 765 1653 861 longe
1702 787 1749 839 a
1808 766 2200 860 Florentia,
2272 767 2695 841 retroflectit
2774 787 2879 862 se,

526 894 601 962 et
654 882 1190 979 retrograditur
1243 904 1375 976 per
1430 884 1659 958 multa
1711 886 1963 981 spatia.
2006 888 2090 959 Et
2130 887 2337 961 dicit:
2376 891 2451 961 di
2491 892 2679 961 sovr’
2699 909 2879 980 essa,

528 1004 797 1080 scilicet
845 1003 1151 1078 flumine
1199 1003 1395 1098 apud
1455 1004 1920 1099 Florentiam,
1971 1010 2159 1079 reca’
2183 1010 2281 1097 io,
2334 1007 2514 1080 idest
2563 1007 2874 1104 portavi,

531 1132 768 1216 questa
806 1144 1142 1216 persona.
1198 1123 1285 1195 Et
1335 1124 1674 1197 secundae
1725 1125 1912 1218 parti
1963 1125 2326 1221 petitionis
2378 1147 2524 1201 non
2577 1147 2883 1221 respon-

533 1244 655 1318 det
722 1242 882 1337 quis
949 1243 1062 1335 sit,
1142 1242 1270 1316 sed
1339 1249 1644 1318 excusat
1702 1264 1804 1337 se,
1876 1244 2158 1319 dicens:
2225 1248 2413 1319 dirvi
2476 1249 2675 1318 ch’io
2741 1249 2879 1337 sia,

528 1365 717 1436 seria
755 1365 1095 1454 parlarvi
1142 1364 1482 1453 indarnO,
1533 1369 1609 1437 et
1642 1383 1818 1437 ecce
1868 1385 2193 1460 causam,
2246 1369 2364 1439 che
2401 1369 2453 1439 ’l
2497 1387 2702 1439 nome
2736 1368 2876 1439 mio

532 1503 754 1555 ancor
780 1486 991 1555 molto
1023 1503 1169 1554 non
1197 1503 1466 1575 suona,·
1504 1484 1710 1576 quasi
1745 1484 1975 1559 dicat:
2013 1485 2255 1559 adhuc
2289 1507 2436 1560 non
2476 1508 2643 1560 sum
2684 1486 2877 1560 mul-

535 1609 692 1677 tum
746 1602 1090 1697 famosuS,
1134 1604 1260 1677 sed
1311 1604 1453 1678 cito
1504 1624 1634 1678 ero
1687 1625 1819 1699 per
1869 1605 1998 1679 Dei
2049 1606 2388 1702 gratiam,
2433 1608 2570 1681 hoc
2621 1607 2882 1680 itinere

534 1723 877 1818 perfecto.
930 1724 1017 1796 Et
1069 1744 1335 1797 verum
1386 1724 1597 1817 dicit3
1644 1746 1812 1799 nam
1850 1732 2023 1799 ante
2075 1726 2265 1799 istud
2316 1747 2501 1821 opus
2536 1748 2683 1802 non
2719 1734 2882 1800 erat

535 1850 751 1917 notus
802 1844 1009 1936 quasi
1061 1842 1194 1915 nisi
1237 1843 1424 1917 inter
1476 1865 1673 1938 suOS,
1723 1845 1846 1918 sed
1883 1865 2107 1939 opere
2146 1845 2511 1939 publicato
2547 1847 2881 1920 celebra-

535 1971 654 2037 tus
704 1964 839 2036 fuit
889 1983 1022 2057 per
1072 1969 1301 2047 totam
1352 1964 1656 2037 Italiam.
1710 1965 1799 2037 Et
1848 1965 2113 2059 subdit,
2166 1965 2365 2059 quod
2421 1966 2541 2040 ille
2588 1966 2886 2061 spiritus

537 2083 779 2157 statim
831 2084 1349 2179 interpretatus
1399 2092 1511 2158 est
1559 2085 1837 2159 dictum
1903 2106 2148 2179 suum,
2209 2085 2492 2162 dicens:
2546 2090 2701 2178 quei
2765 2090 2884 2159 che

537 2205 733 2275 dicea
771 2206 1042 2295 prima,
1103 2203 1374 2278 scilicet
1439 2203 1697 2298 Guido,
1750 2207 1846 2277 mi
1906 2208 2174 2298 rispose
2232 2208 2499 2279 allora:
2565 2212 2635 2278 tu
2686 2210 2888 2299 parti

537 2325 838 2414 d’ArnO,
889 2342 981 2397 ex
1046 2324 1630 2419 circumstantiis,
1695 2346 1768 2398 se
1825 2325 1991 2398 bene
2050 2346 2387 2416 accamo,
2448 2326 2653 2419 idest,
2704 2347 2881 2402 con-

538 2442 748 2539 cipio,
802 2446 846 2515 l’
871 2446 1358 2518 intendimenco
1409 2451 1551 2535 tue,
1604 2444 1787 2518 idest
1835 2444 2013 2518 illud
2079 2444 2277 2538 quod
2328 2444 2687 2540 intelligiS,
2747 2467 2880 2519 con

538 2566 582 2635 l’
605 2566 951 2655 incellelm,
1002 2564 1276 2639 scilicet
1326 2585 1517 2638 meo.

684 2689 751 2756 E
777 2687 821 2756 l'
847 2686 1054 2757 altro.
1092 2685 1234 2759 Ista
1268 2691 1378 2760 est
1417 2684 1738 2760 secunda
1773 2705 1941 2779 pars
1974 2682 2338 2781 generalis
2373 2682 2446 2755 in
2481 2705 2627 2777 qua
2661 2690 2879 2779 poeta

539 2804 707 2877 facit
753 2804 1275 2900 digressionem
1310 2805 1403 2879 ad
1436 2805 1985 2881 describendam
2023 2806 2290 2879 vallem
2325 2803 2500 2877 Arni
2536 2825 2706 2879 cum
2746 2806 2882 2881 ha-

541 2924 972 2999 bitatoribus
1022 2925 1194 2999 suis.
1247 2924 1334 2998 Et
1383 2927 1621 3021 primo
1664 2926 2057 3001 introducit
2097 2923 2504 3001 secundum
2546 2926 2881 3020 spiritum

540 3044 666 3140 qui
717 3050 969 3120 'movet
1016 3044 1544 3122 dubitationem
1579 3047 1776 3121 socio
1810 3047 2008 3121 circa
2052 3045 2598 3142 responsionem
2632 3046 2884 3121 Dantis

541 3164 665 3259 qui
718 3184 867 3239 non
917 3164 1427 3241 nominaverat
1473 3166 1796 3260 Arnum3
1833 3166 2032 3240 unde
2080 3165 2283 3240 dicit:
2319 3170 2386 3239 E
2419 3169 2465 3239 τ’
2490 3168 2705 3257 altra,
2745 3166 2886 3242 sci·-

540 3284 728 3380 licet,
779 3286 1188 3382 Raynerius
1236 3286 1329 3361 de
1380 3286 1704 3381 Calbulo,
1758 3289 1942 3360 disse
1990 3307 2041 3359 a
2090 3288 2211 3377 lui,
2246 3285 2539 3381 scilicet,
2575 3286 2672 3360 illi
2705 3286 2887 3361 Gui-

539 3403 710 3478 doni
759 3404 878 3478 del
930 3405 1182 3479 Duca:
1235 3408 1474 3497 questi,
1526 3405 1819 3499 scilicet,
1874 3404 2112 3480 incola
2161 3404 2361 3498 Arni,
2415 3399 2672 3498 perche*
2748 3427 2885 3480 na-

539 3546 755 3616 scose,
824 3545 956 3619 per
1017 3524 1747 3600 circumlocutionem
1813 3526 2243 3619 verborum,
2327 3528 2383 3599 il
2449 3528 2738 3600 vocabo!
2784 3531 2888 3602 *di

541 3648 768 3739 quella
816 3648 1083 3737 rivera,
1135 3643 1343 3738 idest,
1395 3664 1665 3719 nomen
1716 3644 1894 3719 Arni
1943 3668 1988 3720 a
2043 3645 2278 3739 simili,
2322 3666 2469 3738 pur
2529 3649 2883 3723 com’uom

536 3767 622 3858 sa
670 3766 823 3838 dell’
851 3765 1128 3837 orribili
1174 3769 1384 3837 cose?
1415 3764 1601 3839 Nam
1658 3784 1778 3839 res
1827 3765 2230 3839 inhonestae
2281 3770 2358 3839 et
2407 3764 2713 3840 infames
2762 3786 2886 3840 so-

544 3886 696 3960 lent
744 3884 973 3959 velari
1021 3884 1161 3958 sub
1207 3884 1351 3959 alia
1387 3884 1624 3959 forma
1658 3885 2101 3976 verborum3
2143 3883 2332 3958 sicut
2372 3890 2586 3979 poeta
2636 3891 2885 3960 noster

544 4004 802 4100 pulcre
849 4012 927 4081 et
974 4003 1277 4079 honeste
1327 4004 1494 4079 facit
1544 4005 1811 4080 Inferni
1851 4005 2171 4100 capitulo
2213 4004 2432 4098 XXV,
2469 4004 2595 4078 ubi
2633 4006 2887 4080 volens

544 4123 928 4200 nominare
976 4122 1186 4198 virile
1234 4126 1686 4219 membrum,
1727 4123 1938 4198 dicit:
1990 4129 2091 4197 Lo
2139 4124 2451 4198 membro
2501 4126 2621 4197 che
2669 4127 2887 4198 l’uom

544 4248 737 4338 cela5
795 4252 872 4321 et
936 4243 1120 4320 infra
1186 4245 1381 4319 XXV
1440 4245 1759 4340 capitulo
1819 4243 2260 4342 Purgatorii,
2322 4244 2575 4319 volens
2643 4243 2890 4321 dicere

545 4363 745 4461 quod
792 4383 1086 4461 sperma
1136 4363 1508 4440 descendit
1554 4364 1648 4439 ad
1700 4364 2095 4459 testiculos,
2158 4363 2367 4438 dicit:
2424 4366 2672 4439 scendo
2718 4364 2828 4438 ov’
2853 4362 2894 4439 e·

536 4482 662 4582 pi&
709 4486 820 4559 bel
862 4492 1055 4560 lacer
1100 4489 1221 4559 che
1268 4488 1425 4560 dire
1435 4511 1467 4580 ;
1501 4490 1577 4560 et
1625 4485 1727 4560 ita
1775 4486 1871 4560 de
1922 4484 2191 4560 multis.
2227 4486 2318 4558 Et
2350 4483 2551 4580 ponit
2586 4504 2890 4581 respon·-

545 4607 825 4684 sionem
875 4605 1075 4703 socii,
1126 4606 1252 4702 qui
1303 4605 1474 4681 dicit
1522 4625 1604 4681 se
1650 4605 1998 4704 ignorare
2060 4626 2362 4682 causam
2423 4625 2705 4700 veram,
2757 4607 2887 4683 sed
