3704 5559
856 498 995 564 352
1583 506 1992 561 coMEN'rum
2042 506 2481 560 PURGATonn

852 654 925 725 in
989 655 1186 727 hunc
1252 651 1638 744 mundum,
1690 672 1740 723 a
1800 655 1911 725 cui
1968 653 2265 743 fidanza
2326 654 2372 723 i’
2408 658 2634 741 entre,
2686 652 2859 745 quia
2928 653 3199 728 scilicet

851 773 1158 848 fidenter
1209 778 1452 868 sperat
1503 771 1575 844 in
1627 770 1862 868 gratia
1915 771 2070 865 Dei,
2122 772 2247 864 qui
2314 770 2641 845 habilitat
2705 791 2786 845 se
2849 773 2940 846 ad
2999 774 3196 848 illam

854 894 1342 988 recipiendam
1386 912 1518 987 per
1552 892 2081 986 poenitentiam,
2117 914 2249 984 per
2284 895 2351 964 lo
2384 912 2616 964 nuovo
2651 898 2980 985 cammin,
3016 895 3199 969 idest

853 1014 1044 1087 viam
1081 1005 1152 1105 (¹)
1211 1012 1518 1105 invidiae,
1567 1011 1778 1085 cuius
1828 1011 2216 1086 materiam
2254 1010 2555 1104 dispono
2598 1012 2886 1087 noviter
2925 1013 3196 1087 descri-

854 1133 1055 1225 bere,
1134 1139 1204 1204 tu
1254 1153 1342 1203 ne
1391 1134 1707 1221 conduci,
1761 1152 1851 1205 ex
1893 1151 2042 1224 quo
2097 1151 2241 1204 non
2293 1131 2652 1204 habemus
2707 1132 2820 1207 hic
2869 1133 3194 1227 aliquem

854 1253 1146 1344 ducem,
1221 1273 1413 1324 come
1459 1254 1731 1324 condur
1797 1255 1860 1323 si
1922 1256 2085 1325 vuol
2144 1255 2575 1344 quincentm,
2637 1251 2930 1346 scilicet,
2999 1253 3189 1328 intra

851 1374 1073 1446 istum
1128 1372 1531 1446 secundum
1599 1371 1985 1445 circulum.
2040 1373 2127 1445 Et
2194 1392 2286 1445 ne
2350 1392 2484 1445 sua
2547 1372 2799 1465 petitio
2861 1373 3193 1447 videatur

819 1492 1043 1566 'vana
1095 1491 1425 1582 ostendit,
1478 1490 1675 1583 quod
1727 1490 1992 1564 merito
2042 1491 2307 1565 debeat
2362 1511 2663 1584 sperare
2721 1492 3194 1587 conductum,

851 1611 1120 1704 dicenS,
1169 1618 1239 1683 tu
1288 1613 1512 1682 scaldi
1559 1613 1613 1682 il
1661 1613 1947 1699 mondO,
1986 1616 2366 1703 tamquam
2417 1611 2693 1703 lampas
2752 1610 3192 1706 indeficienS,

856 1737 925 1801 lu
973 1731 1344 1800 sovr’esso
1395 1730 1553 1817 luci,
1587 1727 1836 1800 omnia
1892 1727 2329 1820 illuminem,
2380 1736 2455 1801 et
2496 1727 2697 1802 ideo:
2744 1731 2795 1801 li
2844 1734 2941 1802 toi
2978 1733 3194 1822 rayyi

854 1850 988 1920 den
1038 1869 1311 1939 sempre
1351 1869 1539 1920 esser
1580 1850 1762 1937 duci,
1821 1847 2153 1921 omnium
2191 1847 2689 1921 itinerantium
2725 1868 2858 1942 per
2896 1870 3189 1925 omnem

853 1966 1137 2059 callem,
1206 1971 1404 2040 salvo
1453 1970 1511 2038 s'
1539 1969 1728 2039 altra
1780 1971 2040 2057 raqion
2101 1970 2174 2039 in
2233 1971 2598 2040 contrario
2659 1988 2804 2040 non
2870 1976 3193 2062 proma,-

851 2092 925 2158 et
976 2092 1087 2158 est
1137 2084 1580 2179 pulcerrima
1637 2087 2085 2179 metaphora.
2153 2084 2354 2173 Sicut
2414 2087 2609 2160 enim
2680 2089 2788 2161 sol
2841 2087 3190 2191 sensibilis

852 2223 1144 2296 semper
1207 2202 1566 2275 illuminat
1625 2204 2013 2297 mundum,
2076 2211 2147 2278 et
2213 2211 2459 2279 tamen
2524 2206 2894 2280 interdum
2961 2207 3192 2283 nubes

854 2322 970 2394 vel
1022 2322 1287 2395 nebula
1339 2320 1550 2414 eripit
1602 2322 1806 2395 nobis
1859 2332 2326 2417 conspectum
2383 2326 2582 2419 eius3
2621 2325 2718 2399 ita
2755 2327 2881 2399 lux
2930 2326 3193 2401 divinae

854 2440 1111 2537 gratiae
1163 2460 1455 2534 semper
1507 2440 2064 2535 illuminatum,
2102 2444 2232 2516 nisi
2287 2446 2589 2520 tenebra
2626 2447 2896 2540 peccati
2951 2446 3191 2541 privet

856 2581 986 2633 nos
1037 2560 1176 2634 illa.
1232 2559 1371 2633 Sed
1422 2567 1818 2653 antequam
1877 2561 2180 2636 ulterius
2246 2566 2660 2658 procedam,
2713 2566 2967 2660 lector,
3021 2566 3191 2640 nolo

851 2680 1417 2774 praetermittere
1467 2681 1946 2774 quaestionem
1999 2682 2495 2756 difficillimam
2542 2705 2710 2778 quae
2743 2686 2981 2759 oritur
3032 2685 3188 2779 hic;

853 2822 1088 2894 quare
1139 2801 1408 2875 scilicet
1466 2809 1682 2894 poeta
1745 2809 1995 2877 noster
2056 2811 2203 2877 tam
2259 2805 2548 2878 curiose
2606 2813 2683 2879 et
2742 2808 3020 2881 seriose
3077 2806 3193 2880 hic

850 2927 1244 3016 pertractat
1294 2922 1386 2995 de
1437 2921 1726 3014 invidia,
1762 2923 1854 2996 de
1890 2923 2099 2997 cuius
2142 2945 2357 3017 poena
2414 2927 2688 2999 nullam
2744 2927 3191 3002 mentionem

851 3040 1021 3114 fecit
1070 3041 1144 3113 in
1195 3041 1481 3115 inferno
1497 3065 1517 3133 3
1572 3062 1704 3115 nec
1755 3043 1997 3116 minus
2033 3044 2321 3117 videtur
2357 3044 2837 3120 dubitandum
2875 3048 2969 3121 de
3006 3067 3190 3122 vana

850 3160 1106 3254 gloria,
1159 3159 1250 3233 de
1302 3180 1449 3252 qua
1503 3165 1652 3233 tam
1706 3162 2005 3257 egregie
2046 3164 2204 3257 Jam
2251 3166 2590 3239 tractavit
2631 3165 2769 3259 hic,
2829 3172 2901 3241 et
2952 3167 3026 3239 in
3077 3166 3191 3238 in-

853 3276 1059 3350 ferno
1113 3278 1401 3352 videtur
1451 3278 1749 3352 omnino
1801 3281 2254 3372 praeteriisse.
2310 3282 2415 3356 Ad
2479 3284 2692 3357 cuius
2756 3283 2960 3359 fortis
3021 3283 3189 3358 nodi

851 3394 1394 3468 dissolutionem
1449 3403 1559 3469 est
1609 3396 2021 3491 dicendum,
2075 3401 2269 3492 quod
2324 3409 2533 3494 poeta
2589 3409 2822 3495 potest
2871 3403 3012 3476 dici
3055 3423 3190 3496 pu-

855 3512 1044 3586 nisse
1094 3512 1434 3587 invidiam
1487 3521 1561 3588 et
1609 3515 1904 3591 inanem
1950 3519 2260 3614 gloriam
2314 3521 2385 3592 in
2440 3521 2747 3616 inferno,
2783 3522 2908 3596 sed
2951 3520 3190 3615 impli-

850 3632 993 3707 cite
1042 3639 1115 3708 et
1164 3635 1469 3708 occulte.
1525 3636 2023 3711 Consideravit
2074 3640 2292 3732 enim,
2347 3641 2543 3732 quod
2595 3641 2729 3715 ista
2788 3641 2936 3715 duo
2984 3641 3183 3735 vitia,

852 3752 1017 3827 licet
1066 3753 1451 3828 videantur
1501 3755 1788 3830 diversa
1839 3764 1912 3830 et
1966 3758 2236 3832 habere
2278 3759 2605 3833 diversos
2646 3760 2950 3834 effectus
2983 3781 3027 3833 a
3064 3780 3190 3834 su-

851 3874 1122 3968 perbia,
1161 3882 1409 3948 tamen
1457 3876 1680 3950 ambo
1731 3883 1903 3950 sunt
1936 3877 2031 3950 ab
2067 3898 2215 3951 uno
2251 3879 2491 3972 stipite
2542 3887 2616 3953 et
2670 3881 2902 3977 magis
2941 3882 3191 3957 adnm-.-

852 3993 1083 4068 rentia
1135 3995 1354 4067 matri
1409 4016 1634 4088 quam
1690 4003 1958 4070 caetera
1975 4020 1995 4088 3
2041 4018 2175 4071 nec
2204 3989 2278 4089 (²)
2334 4005 2483 4071 tam
2537 4001 2854 4093 superba
2903 4012 2979 4077 et
3027 4000 3190 4075 dili-

848 4134 1029 4208 gens
1066 4120 1303 4188 mater
1330 4121 1565 4208 potest
1600 4136 1692 4190 ex
1728 4116 1974 4208 aliqua
2003 4125 2211 4209 parte
2247 4138 2327 4192 se
2369 4126 2803 4194 convertere
2831 4120 3010 4214 quin
3061 4122 3191 4198 has

847 4232 1031 4305 duas
1082 4232 1260 4306 filias
1311 4254 1603 4328 semper
1654 4256 1908 4309 secum
1938 4226 2013 4327 (³)
2060 4239 2320 4311 trahat.
2385 4241 2463 4311 In
2526 4240 2955 4335 purgatorio
3007 4261 3186 4315 vero

848 4351 941 4425 de
975 4350 1083 4423 his
1123 4358 1386 4426 tractat
1436 4355 1771 4448 explicite
1822 4363 1899 4430 et
1947 4364 2224 4451 aperte,
2278 4359 2450 4451 quia
2516 4360 2880 4454 duplicem
2936 4361 3190 4436 habuit

972 4535 1025 4597 (¹)
1060 4535 1120 4585 Ε.
1155 4536 1284 4586 idest
1318 4538 1370 4586 in
1403 4540 1538 4589 viam
1573 4542 1789 4591 invidiae.
2250 4543 2305 4607 (⁸)
2340 4546 2399 4596 Ε.
2433 4560 2530 4597 nec
2562 4552 2752 4598 tamen.

971 4610 1024 4672 (')
1058 4612 1119 4662 Ε.
1151 4625 1328 4663 secum
1362 4615 1564 4677 babeat,
1598 4622 1650 4668 et
1683 4619 1872 4669 trahat.
