3704 5559
907 469 1048 537 496
1625 482 2032 536 coMENTUM
2082 480 2521 535 PURGA'roau

907 879 1236 948 CANTUS
1282 877 1662 945 DECIMUS
1709 877 2014 956 NONUS,
2075 879 2185 943 ubi
2228 884 2384 961 post
2440 877 2719 959 aliquam
2760 877 3061 940 visionem
3103 896 3244 941 cum

1059 988 1327 1073 Viryilio
1387 988 1602 1072 aliqua
1662 990 2002 1070 receptavit
2045 988 2312 1068 Dante-s,
2361 995 2420 1054 et
2476 989 2587 1054 hoc
2638 987 2824 1069 facto,
2871 987 3240 1050 invenerunt

1063 1121 1292 1167 avaros
1325 1101 1439 1165 sub
1471 1101 1651 1165 titulo
1683 1100 2009 1165 cuiusdam
2025 1121 2242 1182 papae,
2278 1106 2337 1165 et
2377 1101 2454 1165 de
2487 1099 2666 1164 modo
2681 1118 2892 1180 poence
2921 1100 3234 1179 ipsorum,-

1061 1218 1120 1277 et
1163 1213 1324 1278 sicut
1365 1211 1472 1277 ille
1500 1232 1687 1293 papa
1732 1231 1872 1276 cum
1914 1211 2133 1277 Dante
2176 1211 2375 1277 multa
2417 1210 2773 1292 receptavit.

1049 1483 1389 1649 NL&
1410 1596 1546 1646 ora
1607 1577 1725 1647 che
1772 1596 1917 1647 non
1966 1567 2111 1667 pud
2161 1578 2216 1648 il
2259 1579 2458 1648 calor
2516 1577 2789 1648 diurno.
2844 1574 3236 1664 Postquam

904 1696 977 1768 in
1011 1695 1328 1789 capitulo
1362 1694 1800 1788 praecedenti
1845 1703 2058 1788 poeta
2102 1696 2437 1769 tractavit
2487 1701 2561 1768 et
2608 1692 3117 1768 determinavit
3146 1691 3239 1765 de

902 1815 1077 1888 vitio
1141 1814 1456 1907 accidiae,
1512 1835 1708 1888 nunc
1772 1820 2306 1907 consequenter
2367 1814 2440 1887 in
2502 1814 2635 1888 isto
2685 1812 3000 1907 capitulo
3052 1812 3238 1903 xlx,

902 1934 1053 2029 agit
1088 1939 1161 2006 et
1195 1931 1459 2007 tractat
1492 1932 1585 2006 de
1626 1933 1800 2007 vitio
1835 1933 2183 2025 avaritiae,
2220 1954 2386 2026 quae
2427 1933 2729 2027 punitur
2770 1937 2843 2004 et
2882 1936 3240 2024 purgatur

903 2055 977 2124 in
1031 2052 1286 2144 quinto
1339 2053 1635 2125 circulo.
1689 2053 1776 2125 Et
1827 2073 2146 2145 praesens
2196 2052 2596 2147 capitulum
2648 2056 2881 2146 potest
2914 2048 3128 2122 dividi
3162 2048 3238 2120 in

906 2177 1228 2264 quatuor
1263 2179 1506 2265 partes
1539 2171 1957 2266 generales3
1995 2173 2067 2245 in
2104 2195 2421 2266 quarum
2459 2173 2695 2267 prima
2721 2178 2935 2265 poeta
2968 2170 3240 2243 descri-

904 2291 1010 2363 bit
1058 2291 1425 2362 somnium
1478 2311 1720 2363 suum.
1788 2292 1866 2363 In
1929 2292 2249 2366 secunda
2317 2292 2656 2365 describit
2721 2289 3098 2361 introitum
3147 2288 3239 2362 ad

905 2409 1246 2502 quintum
1274 2409 1659 2502 circulum,
1689 2416 1761 2483 et
1790 2411 2316 2504 apparitionem
2352 2410 2591 2506 angeli
2628 2408 2756 2502 qui
2789 2406 3032 2504 dirigit
3065 2426 3237 2480 eum

903 2528 997 2601 ad
1047 2527 1242 2601 viam
1295 2548 1530 2622 suam,
1584 2535 1656 2603 et
1705 2534 1973 2624 purgat
2006 2551 2050 2603 a
2085 2530 2259 2603 vitio
2293 2529 2607 2622 accidiae,
2650 2527 2787 2601 ibi:
2830 2532 2912 2598 Io
2947 2519 3236 2618 voLsi(¹).

903 2647 982 2719 In
1035 2647 1247 2720 tertia
1296 2646 1636 2721 describit
1684 2668 1980 2741 poenam
2034 2655 2108 2722 et
2158 2648 2668 2743 purgationem
2721 2666 3119 2720 avarorum
3161 2645 3237 2717 in

903 2788 1055 2841 uno
1108 2766 1361 2862 spiritu
1415 2767 1771 2841 moderno
1821 2768 2250 2863 specialiter,
2304 2768 2439 2842 ibi:
2501 2771 2686 2840 Gom’
2711 2770 2801 2839 io.
2853 2767 2931 2839 In
2975 2772 3238 2859 quarta

903 2894 976 2962 et
1028 2888 1281 2961 ultima
1319 2888 1530 2961 solvit
1564 2910 1797 2960 unum
1833 2887 2143 2961 dubium
2185 2888 2378 2962 circa
2414 2888 2843 2982 praedictum
2881 2886 3237 2978 spiritum,

901 3008 1037 3080 ibi:
1092 3013 1174 3079 Io
1225 3011 1315 3079 m’
1344 3030 1491 3080 era.
1544 3007 1650 3080 Ad
1703 3008 2026 3102 primum
2079 3009 2379 3082 veniens
2421 3007 2583 3081 dico
2623 3006 2819 3100 quod
2853 3011 3064 3098 poeta
3111 3004 3239 3078 de-

901 3127 1147 3200 scribit
1198 3128 1566 3200 somnium
1632 3148 1893 3199 suum:
1948 3133 2024 3200 et
2086 3128 2258 3220 quia
2324 3147 2615 3221 semper
2672 3125 2986 3199 somniat
3042 3125 3237 3197 circa

901 3266 1254 3317 auroram
1310 3245 1601 3336 quando
1639 3245 1820 3317 fiunt
1856 3246 2138 3319 somnia
2174 3266 2373 3338 vera,
2412 3246 2573 3319 ideo
2607 3245 2848 3339 primo
2899 3241 3236 3317 describit

902 3364 1162 3435 horam
1214 3364 1562 3456 temporis
1613 3363 2016 3456 dupliciter,
2069 3365 2359 3458 scilicet,
2399 3386 2528 3459 per
2563 3365 2758 3437 viam
2800 3363 3232 3435 naturalem.

902 3480 1005 3553 Ad
1058 3480 1270 3553 cuius
1321 3480 1868 3575 intelligentiam
1902 3482 2124 3556 debes
2158 3484 2397 3577 primo
2433 3483 2644 3576 scire,
2681 3482 2877 3575 quod
2921 3481 3027 3554 sol
3063 3501 3235 3553 cum

902 3607 1010 3675 est
1062 3600 1135 3672 in
1184 3605 1431 3674 nostro
1467 3600 1906 3695 hemisperio
1941 3602 2300 3695 superiori
2338 3602 2766 3675 reverberat
2799 3606 3073 3674 terram
3116 3620 3238 3672 ra—

898 3720 1031 3794 diis
1083 3721 1232 3794 suis
1283 3728 1356 3793 et
1407 3720 1733 3794 calefacit
1786 3721 2012 3813 ipsam
2059 3728 2131 3794 et
2170 3720 2484 3794 vicinam
2521 3726 2805 3814 partem
2846 3719 3074 3811 aeris;
3113 3717 3236 3791 sed

901 3846 1061 3934 post
1095 3860 1440 3914 occasum
1483 3840 1651 3914 solis
1692 3841 1868 3912 luna
1904 3838 2280 3934 frigefacit,
2317 3839 2503 3912 sicut
2555 3840 2661 3911 sol
2705 3837 3069 3912 calefacit:
3109 3837 3233 3911 sed

899 3967 1147 4034 tamen
1198 3967 1494 4053 propter
1544 3959 1868 4032 calorem
1903 3957 2254 4031 diurnum
2291 3958 2824 4052 praecedentem
2872 3962 3071 4031 terra
3113 3978 3237 4030 ca-

897 4080 1157 4153 lefacta
1211 4078 1475 4153 resistit
1527 4098 1765 4170 usque
1814 4077 1908 4149 ad
1958 4077 2397 4171 diluculum3
2436 4083 2510 4150 et
2543 4077 2643 4151 sic
2678 4078 2876 4150 calor
2927 4075 3239 4148 diurnus

900 4198 1018 4270 illa
1070 4200 1252 4270 hora
1303 4198 1619 4271 vincitur
1670 4219 1713 4271 a
1764 4204 1965 4270 terra
2004 4218 2170 4290 quae
2207 4203 2316 4271 est
2351 4196 2607 4292 frigida
2647 4203 2720 4270 et
2753 4196 2967 4288 sicca,
3005 4200 3078 4267 et
3111 4194 3241 4267 ali-

901 4316 1194 4409 quando
1244 4338 1286 4389 a
1341 4316 1656 4391 Saturno
1708 4318 1997 4412 planeta
2033 4317 2315 4412 frigide,
2352 4317 2543 4390 sicco
2577 4322 2651 4390 et
2692 4322 3074 4388 nocturno.
3113 4313 3239 4385 Di-

1021 4574 1075 4636 (¹)
1106 4574 1168 4624 E.
1203 4575 1342 4624 vobi.
1376 4575 1554 4625 Tertio
1587 4574 1845 4625 describit.
