3704 5559
1191 504 1466 559 CANTUs
1516 506 1830 560 mzcmus
1882 506 2234 572 QUARTUS.
2734 496 2874 563 397

530 671 743 725 suam
799 652 1087 724 nullum
1140 652 1383 723 virum
1436 650 1906 746 singulariter
1947 650 2368 724 nominavit.
2406 650 2750 726 Similiter
2802 653 2876 726 in

530 771 847 866 capitulo
900 771 1058 843 XVI
1122 770 1539 845 describens
1579 770 2142 864 Lombardiam,
2194 772 2657 845 solummodo
2730 780 2876 847 tres

532 891 972 985 exceptabat
1014 911 1058 964 a
1113 892 1389 986 regula.
1444 890 1596 985 Ego
1647 909 1829 964 vero
1881 891 2167 962 nullum
2237 890 2480 965 inveni
2543 913 2873 985 unquam

531 1017 871 1085 autorem
924 1009 1335 1103 antiquum,
1390 1010 1514 1103 qui
1568 1010 1758 1082 hanc
1799 1009 2249 1104 provinciam
2306 1010 2379 1082 in
2429 1010 2676 1102 aliquo
2717 1012 2878 1085 cul-

533 1130 836 1225 paverit.
889 1132 1125 1203 Immo
1174 1129 1649 1203 Romandiola
1710 1129 1884 1202 olim
1946 1135 2207 1203 vocata
2257 1135 2369 1202 est
2428 1129 2781 1204 Flaminia
2822 1146 2877 1205 'a

535 1248 946 1344 frequentia
997 1255 1071 1323 et
1122 1248 1585 1322 multitudine
1636 1248 2077 1341 Flaminum,
2118 1246 2321 1341 idest,
2374 1248 2875 1342 sacerdo'tum3

535 1375 785 1465 postea
819 1389 999 1443 vero
1033 1368 1532 1461 Romandiola,
1571 1369 1781 1461 quasi
1814 1368 2076 1441 hortus
2111 1387 2485 1440 romanus,
2524 1367 2663 1441 Sed
2700 1367 2875 1460 quid

532 1491 745 1585 plura
798 1490 1112 1581 loquor?
1163 1508 1336 1561 cum
1404 1489 1601 1561 nulla
1666 1487 1824 1561 fere
1885 1508 2054 1583 pars
2117 1487 2277 1561 eius
2343 1487 2558 1561 hodie
2619 1489 2878 1562 floreat

532 1615 801 1705 praeter
850 1607 1285 1694 Ariminum.
1341 1607 1557 1680 Certe
1622 1608 1857 1702 magis
1909 1628 2133 1699 quam
2200 1608 2318 1681 hic
2381 1606 2876 1681 romandiolus

533 1729 807 1820 fecerit,
845 1726 1334 1801 miserabilem
1388 1730 1660 1799 statum
1713 1726 1901 1799 illius
1953 1726 2412 1820 deplorarem
2469 1726 2603 1799 nisi
2634 1719 2706 1816 (¹)
2746 1725 2877 1800 de-

535 1848 793 1924 solatio
832 1848 990 1943 J'am
1045 1846 1421 1920 transisset
1469 1846 1563 1919 ad
1612 1851 1917 1920 caeteras
1968 1846 2122 1920 fere
2170 1845 2579 1941 provincias
2630 1845 2872 1918 Italiae.

530 2011 629 2023 —
655 1974 799 2042 Ma.
851 1968 983 2042 Hic
1032 1967 1266 2040 Guido
1303 1966 1420 2040 del
1456 1967 1658 2039 Duca
1694 1967 2067 2060 complens
2103 1986 2315 2039 suam
2353 1966 2873 2057 narrationem,

530 2089 853 2165 licentiat
900 2089 1232 2181 Dantem,
1284 2087 1572 2161 dicens:
1626 2106 1744 2158 ma
1803 2089 1917 2158 va’
1944 2088 2087 2177 via,
2149 2092 2391 2178 Tosco,
2443 2089 2563 2159 che
2611 2088 2707 2157 mi
2753 2087 2877 2158 de-

534 2198 709 2284 leua‘
742 2211 933 2282 omai
989 2214 1240 2302 troppo
1295 2202 1415 2298 piz‘c
1476 2209 1553 2278 di
1605 2209 1916 2299 pianyer
1977 2208 2095 2277 che
2144 2207 2228 2279 -di
2265 2208 2614 2297 parlare,·
2666 2202 2875 2297 quasi

536 2331 758 2406 dicat:
796 2328 968 2424 quia
1002 2328 1169 2403 volo
1202 2327 1444 2422 potius
1479 2326 1725 2400 redire
1755 2325 1844 2399 ad
1881 2326 2320 2420 plorandum
2347 2330 2646 2420 peccata
2683 2343 2872 2415 mea,

533 2470 759 2545 quam
795 2449 1180 2542 deplorare
1216 2452 1515 2542 peccata
1541 2444 1970 2538 viventium,
2000 2445 2172 2539 quia
2196 2445 2468 2539 justius
2502 2449 2641 2536 est3
2680 2441 2877 2515 unde

531 2571 738 2645 dicit:
807 2562 868 2642 εὶ
928 2571 1021 2640 m’
1046 2570 1140 2639 ha
1201 2574 1447 2639 nostra
1514 2569 1801 2655 rayion,
1867 2564 2071 2658 idest,
2126 2564 2429 2660 justitia,
2492 2570 2733 2636 scretca
2801 2565 2876 2634 la

533 2698 777 2783 mente,
829 2709 1056 2784 quam
1109 2686 1324 2761 nimis
1373 2688 1835 2783 largaveram
1889 2685 1978 2759 ad
2033 2684 2482 2777 loquendum
2536 2684 2629 2757 de
2668 2682 2872 2756 sactis

532 2811 809 2903 alienis,
860 2829 1030 2885 cum
1084 2827 1252 2881 mea
1302 2806 1621 2880 strictius
1662 2811 1965 2901 tangant
2000 2825 2143 2879 me.
2181 2807 2268 2878 Et
2300 2811 2548 2878 tamen
2591 2803 2726 2876 iste
2758 2802 2875 2875 in-

531 2930 745 3005 vidus
795 2950 890 3003 ex
940 2926 1242 3001 caritate
1293 2932 1367 3000 et
1415 2925 1683 3020 pietate
1715 2925 1972 3019 patriae
2005 2924 2174 2999 facit
2204 2916 2275 3017 (²)
2315 2925 2527 2997 istam
2575 2923 2869 3017 longam

533 3049 913 3143 querelam
963 3047 1056 3121 ad
1113 3045 1703 3121 emendationem
1765 3064 2102 3138 suorum,
2154 3049 2240 3116 ut
2303 3041 2566 3117 melius
2632 3040 2876 3116 decla-

530 3176 740 3243 ratur
790 3167 1108 3263 capitulo
1158 3166 1517 3260 sequenti.

677 3292 816 3362 Noi
860 3308 1214 3380 sapevam.
1268 3288 1411 3360 Ista
1462 3292 1572 3359 est
1622 3270 1889 3379 quarta
1940 3290 2015 3359 et
2064 3283 2320 3357 ultima
2370 3304 2542 3378 pars
2601 3283 2675 3355 in
2725 3303 2875 3375 qua

528 3418 745 3507 poeta
797 3415 1043 3484 noster
1093 3414 1256 3504 post
1306 3408 1597 3502 longam
1635 3405 2157 3502 digressionem
2194 3405 2346 3501 agit
2379 3410 2453 3479 et
2486 3408 2751 3478 tractat
2782 3402 2874 3477 de

529 3531 757 3606 staeno
806 3529 1094 3606 invidiae
1144 3528 1362 3623 J‘uxta
1419 3524 1979 3621 promissionem
2045 3526 2385 3620 superius
2436 3524 2746 3616 sactam3
2799 3528 2875 3597 et

527 3650 768 3745 primo
813 3648 1190 3744 ¹praemittit
1240 3665 1617 3721 recessum
1669 3665 1891 3718 suum
1941 3643 2037 3719 ab
2087 3643 2222 3717 illis
2270 3643 2561 3717 duobus
2609 3641 2875 3737 spiriti·
2912 3711 2915 3712 f

529 3769 669 3843 bus
716 3768 811 3843 de
856 3766 1355 3842 Romandiola.
1409 3764 1615 3840 Unde
1661 3764 1871 3839 dicit:
1926 3765 2064 3836 Noi
2109 3782 2443 3854 sapevam
2488 3764 2607 3834 che
2655 3764 2876 3853 quelle

530 3890 760 3961 anime
808 3907 1002 3976 care,
1052 3885 1256 3979 idest,
1308 3884 1729 3978 caritativae,
1765 3887 1830 3957 ci
1859 3885 2175 3956 sentiam
2221 3885 2488 3973 andar,
2534 3880 2875 3975 quamvis

531 4028 678 4082 non
727 4005 1059 4081 viderent
1106 4023 1280 4099 nos;
1327 3997 1505 4098 perd
1566 4006 1857 4077 tacendo
1917 4007 2218 4097 sacevan
2268 3989 2404 4074 'noi
2469 4003 2584 4074 del
2642 4001 2876 4072 camin

527 4128 913 4220 confidare,
964 4125 1173 4221 quasi
1223 4125 1451 4199 dicat:
1505 4123 1844 4217 quamvis
1896 4121 2073 4196 nihil
2130 4121 2459 4196 dicerent
2520 4116 2761 4212 nobis,
2801 4123 2876 4192 et

529 4251 678 4323 nos'
714 4246 842 4342 eiS,
879 4252 1126 4321 tamen
1159 4244 1450 4321 ibamus
1489 4264 1663 4318 cum
1704 4242 1968 4318 fiducia
2009 4240 2395 4316 credentes
2445 4238 2643 4335 quod
2685 4238 2875 4313 bene

525 4367 839 4462 ibamus,
891 4371 966 4441 et
1015 4366 1213 4462 quod
1263 4366 1406 4441 illae
1456 4386 1550 4441 ex
1583 4363 1891 4439 caritate
1931 4361 2388 4437 monuissent
2423 4381 2554 4435 nos
2588 4358 2682 4434 de
2713 4379 2876 4434 me-

652 4630 706 4693 (·)
738 4633 848 4692 11⁷,
882 4629 970 4679 uhi
1004 4628 1269 4678 desolatio.
1768 4589 1824 4687 (¹)
1857 4623 1918 4673 Β.
1950 4622 2090 4673 recu.
