3704 5559
1385 478 1661 532 CAN'rth
1712 477 2048 532 nummus,
2748 463 2886 529 279

543 632 783 720 questa
830 627 1130 716 cornice,
1182 624 1306 698 dat
1356 644 1626 697 nomen
1680 624 2058 718 proprium
2113 623 2283 696 huic
2333 622 2506 712 viae3
2543 621 2644 694 sic
2693 620 2889 694 enim

541 746 950 843 appellatur
998 744 1094 818 ab
1144 744 1748 819 architectoribus
1804 745 1961 818 talis
2015 744 2172 837 via3
2229 747 2324 816 mi
2361 763 2594 835 parea
2643 744 2889 830 cotale,

543 867 744 961 idest,
801 873 953 939 tam
1004 866 1150 940 alta
1200 872 1274 940 et
1325 872 1565 959 arcta,
1619 872 1879 957 quanto
1930 869 1974 938 I’
2004 866 2238 937 occlzio
2283 867 2422 935 mio
2469 871 2675 954 potea
2729 870 2889 935 trar

543 991 612 1062 α’
637 992 773 1080 ale,
814 987 1019 1080 idest,
1059 993 1417 1080 quantum
1470 986 1668 1059 visus
1706 1006 1919 1059 meus
1954 991 2241 1079 poterat
2276 985 2528 1058 volare
2562 1003 2886 1074 sursum,

545 1108 718 1202 quia
772 1106 901 1180 ista
955 1106 1071 1180 via
1122 1105 1581 1200 protenditur
1631 1126 1872 1199 usque
1922 1105 2013 1178 ad
2060 1124 2351 1198 speram
2388 1104 2596 1199 ignis,
2634 1109 2716 1174 ut
2758 1122 2891 1195 pa-

547 1228 724 1303 tebit
773 1228 846 1299 in
901 1225 1085 1321 fine3
1138 1232 1213 1299 et
1275 1226 1490 1299 dicit:
1545 1247 1631 1297 or
1699 1228 1797 1298 da
1859 1227 2146 1298 sinistra
2208 1231 2275 1296 el
2329 1244 2417 1296 or
2483 1225 2609 1295 dae
2656 1225 2892 1294 deslro

537 1351 799 1442 fiancO,
852 1346 1120 1421 scilicet
1172 1346 1418 1420 eundo
1469 1345 1662 1418 circa
1718 1351 2068 1419 montem.

691 1457 796 1538 ιὰ
844 1486 927 1538 su
976 1486 1119 1537 non
1170 1487 1366 1537 eran.
1429 1468 1568 1538 Ista
1621 1471 1732 1539 est
1781 1464 2099 1538 secunda
2154 1485 2324 1558 pars
2375 1462 2758 1559 generaliS,
2813 1462 2887 1534 in

546 1608 692 1682 qua
741 1593 955 1682 poeta
1012 1586 1226 1661 docet
1263 1587 1659 1661 refraenare
1693 1585 2115 1680 superbiam
2153 1606 2286 1679 per
2329 1584 2595 1657 nobilia
2631 1603 2891 1657 exem-

544 1710 661 1803 pla
712 1727 1027 1781 summae
1075 1706 1538 1800 humilitatis;
1594 1714 1668 1781 et
1718 1706 1957 1800 primo
1992 1705 2196 1802 fingit
2233 1704 2431 1798 quod
2457 1693 2890 1797 'superficies

546 1827 810 1900 montis
860 1833 1019 1901 erat
1080 1827 1481 1901 incrustata
1545 1846 1922 1900 marmore
1979 1825 2169 1917 albo,
2223 1824 2298 1897 in
2364 1845 2514 1918 quo
2575 1821 2890 1896 mirabili

542 1946 849 2021 artificio
901 1954 1110 2021 erant
1161 1949 1462 2041 sculptae
1515 1947 1855 2041 quaedam
1903 1944 2222 2018 historiae
2256 1945 2710 2018 continentes
2748 1945 2892 2016 hu-

545 2066 924 2139 militatem
977 2065 1498 2139 altissimarum
1550 2086 2073 2160 personarum,
2130 2064 2325 2137 unde
2368 2064 2569 2137 dicit:
2605 2066 2633 2135 i
2666 2064 2893 2135 nostri

540 2190 656 2279 pei
717 2207 861 2259 non
924 2208 1102 2259 eran
1163 2190 1376 2259 mossi
1444 2208 1620 2259 anco
1688 2177 1761 2259 ἰὰ
1822 2208 1932 2276 su,
1994 2184 2202 2278 quasi
2266 2183 2501 2257 dicat:
2558 2184 2885 2257 nondum

544 2307 1114 2381 ascenderamus
1164 2306 1362 2380 illam
1417 2306 1610 2380 viam
1656 2305 2118 2399 descriptam,
2173 2304 2443 2378 scilicet
2493 2304 2886 2396 cornicem,

545 2429 805 2519 quand'
830 2430 899 2500 io
950 2428 1238 2500 conobbi
1285 2430 1513 2518 quella
1550 2430 1716 2518 ripa
1757 2429 2064 2506 intorno,
2104 2425 2305 2517 idest,
2345 2431 2636 2520 tergum
2676 2445 2890 2497 mon-

546 2547 635 2621 tis
702 2567 1208 2621 marmoreum
1275 2547 1347 2620 in
1417 2546 1752 2638 circuitu,
1817 2549 1934 2617 che
1997 2566 2220 2617 aveva
2269 2547 2480 2617 dricto
2549 2547 2624 2615 di
2683 2547 2891 2616 salita

546 2688 823 2758 mance,
877 2667 1085 2761 quasi
1137 2667 1350 2761 dicat,
1406 2666 1917 2740 rectitudinem
1976 2685 2323 2738 ascensus
2360 2685 2506 2737 non
2548 2664 2887 2757 habebat,

547 2790 717 2883 quia
772 2810 918 2863 non
969 2794 1254 2884 poterat
1307 2795 1507 2862 recte
1556 2786 1846 2861 ascendi
1891 2806 2023 2880 per
2065 2786 2328 2880 ipsum,
2365 2785 2491 2860 sed
2527 2804 2658 2878 per
2694 2784 2886 2858 viam

545 2933 711 3006 quae
772 2910 1032 2984 circuit
1083 2909 1373 3004 ipsum,
1428 2929 1615 2981 esser
1675 2910 1750 2979 di
1813 2927 2117 2997 marmO,
2172 2906 2375 2998 idest,
2454 2906 2717 2978 factam
2796 2925 2888 2979 ex

545 3049 942 3120 marmore,
996 3032 1297 3102 candido
1348 3035 1413 3101 et
1458 3030 1762 3117 adame,
1800 3026 2005 3119 idest,
2040 3025 2207 3099 albo
2260 3032 2333 3099 et
2368 3031 2653 3117 ornato,
2690 3027 2892 3097 d’in-

545 3152 738 3241 cayti,
774 3149 977 3243 idest,
1014 3148 1425 3244 sculpturis,
1463 3140 1548 3237 si,
1585 3147 1789 3239 idest,
1822 3153 1970 3220 tam
2012 3144 2330 3240 perfecte
2367 3152 2441 3218 et
2475 3165 2647 3218 cum
2688 3150 2890 3217 tanto

543 3269 856 3366 ingenio,
909 3271 1028 3341 clze
1077 3289 1222 3341 non
1264 3288 1407 3359 pur
1455 3269 1802 3359 PolicletO,
1850 3265 1975 3359 qui
2031 3265 2165 3337 suit
2217 3264 2587 3337 maximus
2626 3262 2891 3338 artifex

543 3395 982 3482 statuarum,
1036 3393 1122 3460 ut
1170 3386 1416 3460 scribit
1467 3386 1936 3480 philosophus
1987 3387 2108 3458 Vll
2148 3385 2601 3474 Ethicorum,
2657 3404 2776 3455 ma
2818 3385 2892 3454 la

543 3516 830 3602 namra,
895 3527 1063 3601 quae
1130 3513 1241 3580 est
1306 3505 1673 3601 potentior
1731 3512 1915 3598 arte,
1979 3525 2149 3577 cum
2218 3525 2339 3577 ars
2400 3504 2492 3577 sit
2550 3502 2890 3596 quaedam

545 3629 792 3724 imago
835 3634 1143 3719 naturae,
1178 3628 1280 3717 ,qu
1312 3625 1646 3697 averebbe
1677 3645 1959 3716 scorno,
2010 3624 2180 3717 quia
2226 3624 2506 3697 videret
2530 3616 2604 3714 (¹)
2642 3643 2722 3696 se
2760 3621 2890 3696 de-

544 3750 808 3842 lusam,
862 3753 934 3822 et
995 3766 1404 3840 numquam
1471 3744 1723 3819 fecisse
1783 3744 2062 3839 figuras
2122 3764 2337 3838 aeque
2397 3744 2687 3837 pulcras
2760 3749 2892 3815 aut

543 3868 814 3942 similes
840 3867 1009 3943 istis,
1039 3868 1125 3939 Et
1151 3866 1266 3939 hic
1295 3873 1489 3959 nota,
1517 3865 1713 3957 quod
1750 3864 1885 3938 iste
1914 3864 2322 3959 Polycletus
2360 3862 2492 3936 fuit
2523 3863 2890 3936 excellen-

546 3988 865 4062 tissimus
899 3987 1294 4061 statuarius
1321 4006 1631 4081 graecuS,
1659 3985 1750 4058 de
1778 4005 1929 4078 quo
1965 3984 2213 4057 scribit
2243 3983 2509 4055 Plinius
2538 3982 2885 4055 XXXIIII.

545 4107 898 4182 naturalis
945 4105 1286 4199 historiae,
1333 4105 1600 4198 dicens,
1641 4104 1837 4197 quod
1890 4104 2301 4198 Polycletus
2354 4101 2709 4176 Sicionius
2745 4103 2890 4176 Ha-

540 4226 816 4323 geladis
865 4225 1258 4320 discipulus
1316 4225 1546 4298 multa
1608 4244 1832 4318 opera
1901 4222 2258 4296 mirabilia
2323 4222 2416 4296 de
2482 4242 2631 4297 aere
2694 4222 2884 4317 fecit,

505 4340 726 4422 ‘adeo
755 4345 974 4439 -quod
1008 4345 1207 4418 solus
1243 4345 1624 4418 hominum
1663 4351 1900 4418 artem
1939 4343 2151 4416 istam
2190 4342 2442 4417 fecisse
2466 4343 2883 4438 judicatur:

670 4604 725 4669 (¹)
757 4606 820 4657 E.
855 4606 1133 4657 videretur.
