3704 5559
854 470 947 535 90
1576 481 1983 537 coMENTUM
2033 483 2479 537 PURGATonn

849 627 980 702 bes
1029 627 1522 719 adamantem,
1578 633 1661 699 ut
1709 626 1879 700 dicit
1927 627 2404 722 Augustinus,
2462 627 2722 701 desinit
2776 630 3073 704 trahere
3125 637 3200 704 et

850 748 1174 823 remittit.
1227 749 1380 821 Hoc
1431 767 1569 843 ego
1621 747 1771 822 scio
1822 747 2237 844 cognitione
2263 741 2364 842 (¹),
2405 749 2577 842 quia
2625 749 2896 823 scilicet
2945 752 3038 824 ab
3091 751 3200 825 ef-

849 868 1066 962 fectu,
1121 868 1294 962 quia
1343 867 1436 941 ad
1487 868 1788 942 oculum
1824 868 2062 963 vide0,
2101 878 2349 944 tamen
2387 869 2630 943 nescio
2666 877 2964 971 propter
3000 871 3196 964 quid,

850 989 1023 1083 quia
1074 988 1333 1084 ignoro
1385 1008 1726 1081 causam3
1773 987 1968 1061 unde
2018 987 2381 1082 sapientes
2414 987 2759 1062 dixerunt
2796 991 2993 1085 quod
3036 1011 3196 1064 ma-

850 1129 1031 1205 gnes
1081 1108 1302 1181 habet
1352 1109 1491 1181 hoc
1542 1129 1585 1181 a
1640 1107 1914 1181 virtute
1964 1107 2321 1201 specifica,
2360 1109 2458 1182 ita
2493 1129 2783 1203 possem
2826 1110 3074 1184 dicere
3108 1110 3200 1184 de

851 1230 1120 1303 multis.
1186 1228 1394 1302 Modo
1461 1229 1552 1302 ad
1615 1227 2069 1324 propositum
2134 1235 2350 1323 poeta
2417 1235 2664 1304 noster
2733 1229 2935 1325 fingit
3002 1231 3200 1324 quod

850 1349 1215 1444 VirgiliuS,
1269 1347 1396 1442 qui
1446 1354 1556 1421 est
1606 1369 1741 1422 sua
1794 1348 1981 1421 ratio
2033 1348 2408 1441 naturaliS,
2463 1349 2578 1422 hic
2631 1356 2892 1444 sponte.
2938 1371 3019 1425 se
3071 1372 3200 1423 su-

849 1470 1047 1544 biicit
1099 1468 1286 1562 fidei,
1340 1475 1412 1542 et
1462 1467 1720 1542 suadet
1770 1468 1927 1541 aliis
1978 1474 2062 1541 ut
2112 1469 2253 1541 sint
2305 1470 2625 1542 contenti
2667 1470 2972 1544 credere
3025 1471 3197 1564 quia

849 1590 953 1664 sic
1003 1596 1136 1684 est,
1187 1596 1261 1663 et
1323 1610 1470 1663 non
1531 1610 1957 1682 quaeramus
2021 1589 2406 1682 rationem,
2460 1589 2647 1662 sicut
2712 1589 2886 1665 fides
2953 1591 3196 1684 dictat,

849 1712 1047 1806 quod
1097 1713 1294 1785 Deus
1344 1717 1453 1785 est
1506 1709 1745 1783 trinus
1796 1716 1872 1783 et
1925 1731 2137 1803 unuS,
2191 1716 2266 1784 et
2317 1711 2512 1803 quod
2565 1717 2676 1784 est
2726 1711 3020 1785 infinitae
3066 1733 3199 1808 po-

847 1832 1115 1926 tentiae,
1168 1837 1244 1905 et
1294 1830 1493 1924 quod
1523 1822 1597 1923 (²)
1658 1829 1986 1904 Christus
2036 1838 2146 1904 est
2197 1831 2394 1907 Deus
2445 1837 2519 1904 et
2569 1832 2815 1926 homo,
2868 1838 2940 1906 et
3002 1830 3198 1924 quod

847 1953 1096 2028 anima
1147 1951 1418 2046 patitur
1468 1950 1565 2023 ab
1615 1950 1785 2046 igne
1835 1969 2229 2044 corporeo:
2268 1970 2451 2046 ergo
2486 1951 2544 2024 si
2582 1972 2727 2024 non
2768 1951 2875 2025 vis
2917 1971 3195 2042 errare,

850 2073 997 2147 noli
1049 2072 1513 2167 investigare,
1569 2070 1789 2145 crede
1840 2078 1914 2145 et
1978 2071 2364 2146 manduca.
2437 2072 2525 2144 Et
2591 2073 2977 2146 confirmat
3034 2072 3199 2144 Vir-

849 2193 1066 2289 gilius
1119 2193 1316 2285 quod
1366 2192 1544 2265 dixit
1593 2191 1860 2286 duplici
1912 2193 2218 2287 ratione,
2255 2214 2576 2287 quarum
2617 2194 2855 2289 prima
2909 2194 3197 2268 videtur

855 2313 1062 2387 talis:
1119 2312 1177 2384 si
1227 2311 1563 2406 possibile
1614 2318 1805 2386 esset
1855 2332 1987 2407 per
2040 2313 2398 2387 rationem
2463 2315 2866 2387 humanam
2923 2334 3198 2409 cogno—

853 2453 1062 2511 scere
1124 2430 1573 2506 divinitatem
1636 2438 1711 2505 et
1766 2432 2099 2506 ordinem
2163 2433 2352 2506 illius
2410 2433 2485 2506 in
2549 2433 2932 2528 creaturis,
2994 2441 3197 2508 certe

854 2554 994 2626 hoc
1056 2552 1424 2626 novissent
1485 2551 1703 2646 primi
1767 2558 2108 2646 parentes
2168 2552 2459 2627 formati
2525 2573 2751 2626 manu
2813 2552 3055 2627 divina
3123 2553 3196 2625 in

855 2678 1124 2745 natura
1177 2672 1461 2767 integra
1514 2677 1590 2745 et
1638 2670 1991 2765 perfecta3
2045 2672 2170 2746 sed
2206 2672 2263 2745 si
2300 2672 2411 2745 isti
2448 2693 2595 2746 non
2629 2678 3031 2768 potuerunt
3066 2695 3199 2747 no-

855 2812 1063 2867 scere
1113 2793 1384 2886 omnia,
1438 2800 1713 2886 quanto
1767 2791 2010 2865 minus
2045 2813 2179 2865 nos
2212 2792 2538 2887 concepti
2589 2792 2662 2865 in
2704 2794 3196 2888 corruptione,

856 2912 1006 2986 nati
1056 2912 1129 2984 in
1180 2918 1478 3006 peccato
1530 2912 1719 2985 inter
1772 2917 1878 2984 tot
1928 2916 2272 2985 errores?
2322 2912 2506 2989 Dicit
2552 2932 2771 3009 ergo:
2809 2911 2954 3004 cIoe‘,
2989 2915 3194 3007 idest,

851 3033 1047 3127 quia,
1099 3054 1173 3105 se
1214 3038 1501 3124 possuto
1552 3038 1781 3105 aveste
1828 3034 2038 3105 veder
2090 3039 2282 3122 tuuc,
2330 3032 2533 3126 idest,
2572 3033 2761 3108 scire
2811 3041 2884 3108 et
2918 3055 3192 3129 cogno—

850 3170 1059 3225 scere
1133 3153 1379 3226 omnia
1457 3154 1679 3246 clare,
1756 3155 2029 3225 mestier
2102 3173 2248 3224 non
2322 3174 2450 3225 era
2517 3157 2849 3245 partun-ir
2922 3159 3193 3246 Maria,

852 3270 1024 3365 quia
1065 3261 1140 3362 (³)
1207 3272 1264 3344 si
1333 3273 1531 3345 Deus
1600 3272 1946 3348 voluisset
2009 3273 2385 3347 hominem
2453 3274 2643 3349 scire
2705 3275 2983 3370 omnia,
3051 3296 3195 3349 non

851 3390 1312 3485 praecepisset
1347 3391 1599 3486 primis
1625 3392 2050 3485 parentibus
2088 3414 2179 3466 ne
2212 3378 2595 3488 gustarent
2619 3393 2711 3468 de
2738 3394 2934 3491 ligno
2960 3396 3197 3469 scien-

851 3509 972 3583 tiae
1032 3509 1203 3583 boni
1262 3516 1337 3584 et
1400 3511 1597 3605 mali,
1665 3518 1739 3586 et
1802 3511 1860 3585 si
1930 3512 2026 3584 illi
2092 3533 2239 3587 non
2301 3520 2739 3608 gustassent,
2807 3536 2953 3589 non
3008 3522 3197 3589 esset

850 3629 1282 3705 damnatum
1333 3652 1569 3726 genus
1620 3633 2073 3727 humanum3
2109 3642 2184 3709 et
2217 3632 2276 3705 si
2318 3653 2554 3729 genus
2600 3635 3011 3708 humanum
3050 3656 3197 3709 non

852 3757 1045 3826 esset
1091 3751 1548 3846 damnatum,
1600 3773 1748 3826 non
1797 3754 2184 3847 oportebat
2234 3752 2603 3827 Christum
2666 3755 2864 3829 nasci
2928 3762 3000 3830 et
3053 3756 3197 3851 pati

849 3894 987 3968 pro
1056 3873 1558 3968 redemptione
1620 3873 1813 3948 eius:
1887 3872 2052 3948 ideo
2117 3876 2210 3949 de
2269 3874 2506 3969 primo
2575 3875 2669 3948 ad
2733 3876 3080 3950 ultimum
3140 3876 3199 3951 si

850 3994 1073 4067 homo
1124 3993 1477 4088 potuisset
1526 3992 1715 4067 scire
1764 3992 2014 4066 omnia
2067 4014 2212 4067 non
2262 3994 2647 4089 oportebat
2711 3996 3012 4069 Mariam
3065 4016 3198 4094 pa-

851 4133 1021 4188 rere
1071 4113 1462 4187 Christum.
1517 4111 1679 4186 Scio
1730 4119 1980 4187 tamen
2043 4113 2242 4206 quod
2304 4114 2528 4208 aliqui
2590 4114 2868 4189 faciunt
2927 4115 3202 4189 instan-

970 4373 1023 4435 (¹)
1056 4367 1129 4422 E,
1154 4376 1445 4438 cognitione
1479 4376 1679 4426 scilicet
1711 4376 1775 4424 ab
1805 4376 1995 4426 effectu
2029 4377 2150 4438 quia
2182 4376 2332 4426 video
2365 4377 2428 4426 ad
2462 4378 2695 4438 oculum,
2731 4383 2920 4428 tamen.

849 4531 927 4576 ρει
956 4446 1294 4577 {phlssnzuod
1329 4451 1579 4502 Dominus
1610 4452 1760 4502 Jesus
1792 4451 2028 4501 Christus
2062 4451 2383 4515 Redemptor
2417 4458 2593 4503 noster
2622 4454 3038 4516 praetiosissimus
3061 4454 3201 4503 Deus

973 4602 1029 4666 (⁸)
1062 4608 1170 4665 ¹1⁷,
1204 4607 1349 4669 quasi
1381 4607 1544 4659 dican
1578 4608 1619 4657 si
1652 4607 1813 4657 neus.
