3704 5559
849 461 987 527 118
1564 469 1971 525 COMENTUM
2024 470 2460 525 PURGATORn

843 618 1251 692 cumcincta
1277 611 1373 711 (¹),
1412 618 1508 691 ita
1545 616 1740 712 quod
1776 616 2049 712 colligit
2094 616 2281 688 intra
2318 613 2722 688 fortilitium
2779 615 3062 690 fructus
3112 623 3189 691 θῖ

840 738 1087 812 omnia
1141 738 1547 812 necessaria
1600 737 1693 811 ad
1744 738 2022 811 victum
2052 728 2125 829 (²)
2191 741 2265 810 et
2328 734 2980 811 substentationem
3045 738 3189 810 hu-

842 877 1080 931 manae
1131 858 1321 951 vitae,
1373 858 1560 932 sicut
1611 864 1686 932 et
1736 856 2208 930 Samarinum
2271 861 2597 929 castrum
2663 857 2978 930 naturali
3044 858 3188 930 situ

843 980 1415 1053 munitissimum
1468 986 1543 1053 et
1592 978 1955 1073 optimum
2009 977 2279 1051 distans
2342 997 2386 1049 a
2446 976 2711 1050 Sancto
2762 979 3009 1052 Leone
3058 997 3189 1073 per

844 1108 1166 1195 quatuor
1219 1100 1575 1193 milliaria,
1631 1106 1704 1173 et
1763 1100 1857 1172 ab
1927 1098 2256 1171 Arimino
2323 1117 2453 1191 per
2512 1097 2793 1191 decem,
2856 1099 3191 1172 mirabile

845 1220 1271 1294 fortilitium.
1324 1221 1412 1292 Et
1472 1225 1643 1293 nota
1694 1218 1894 1312 quod
1961 1218 2412 1312 comparatio
2481 1225 2589 1291 est
2654 1217 3185 1311 propriissima3

845 1360 1017 1412 nam
1075 1346 1273 1413 recte
1341 1339 1591 1413 civitas
1651 1337 2052 1434 purgatorii
2122 1344 2231 1410 est
2299 1337 2547 1410 similis
2611 1337 2876 1412 Sancto
2938 1336 3184 1429 Leoni,

846 1462 1018 1556 quia
1072 1467 1183 1536 est
1233 1461 1305 1533 in
1358 1460 1706 1533 altissimo
1761 1466 2011 1532 monte
2062 1458 2351 1551 situata,
2405 1465 2476 1531 et
2529 1465 2638 1532 est
2690 1457 2999 1550 deserta,
3054 1459 3185 1530 ba-

843 1582 1025 1655 bens
1077 1601 1284 1654 raros
1336 1580 1798 1672 habitatoreS,
1849 1579 1974 1652 ubi
2026 1578 2395 1652 infernalis
2447 1586 2556 1653 est
2609 1579 2953 1671 frequens
3004 1599 3188 1673 gen-

845 1700 1072 1793 tibus;
1126 1707 1201 1773 et
1251 1707 1361 1773 est
1410 1699 1819 1792 fortissima,
1858 1704 2015 1772 tuta
2066 1698 2160 1770 ab
2212 1697 2480 1771 insidiis
2515 1705 2588 1771 et
2624 1698 3007 1771 insultibus
3058 1700 3191 1770 ho-

844 1820 1091 1914 stium,
1143 1820 1330 1892 sicut
1380 1819 1688 1893 Sanctus
1738 1821 1909 1893 Le0.
1963 1818 2051 1891 Et
2102 1817 2312 1890 dicit:
2369 1840 2406 1889 e
2445 1819 2828 1890 discendesi
2865 1820 2940 1889 in
2982 1820 3191 1890 Noli:

844 1941 1002 2014 Noli
1055 1946 1165 2014 est
1216 1939 1554 2033 quaedam
1610 1946 1809 2013 terra
1841 1929 1914 2030 (³)
1970 1938 2275 2030 antiqua
2329 1937 2402 2010 in
2456 1938 2723 2032 riperia
2775 1938 3028 2010 Januae
3063 1959 3192 2009 su-

847 2081 980 2154 pra
1034 2081 1264 2154 mare,
1328 2060 1654 2133 subiecta
1716 2059 1947 2132 monti
1996 2058 2346 2132 altissimo
2398 2058 2765 2149 scabroso,
2817 2057 2909 2131 ad
2966 2078 3192 2149 quam

849 2187 959 2255 est
1025 2179 1489 2254 difficillimus
1558 2180 1974 2273 descensuS,
2045 2180 2143 2253 ita
2215 2185 2298 2251 ut
2365 2179 2520 2251 Noli
2595 2177 2927 2252 videatur
2996 2184 3194 2251 recte

848 2300 1093 2375 dicere
1160 2299 1664 2374 descendenti:
1724 2300 1865 2372 noli
1934 2300 2061 2373 ad·
2096 2321 2218 2374 me
2286 2299 2659 2391 accedere,
2722 2299 2931 2393 quasi
3002 2297 3192 2371 dicat

849 2427 1062 2516 poeta
1113 2421 1370 2495 tacite:
1426 2441 1566 2515 ego
1617 2420 1952 2495 descendi
2006 2441 2176 2494 cum
2233 2420 2535 2513 pedibus
2602 2440 2837 2513 usque
2888 2420 2960 2491 in
3017 2440 3189 2512 pro-

850 2539 1157 2613 fundum
1195 2539 1456 2634 abyssi,
1494 2539 1619 2613 sed
1657 2541 1802 2611 buc
1839 2559 1985 2612 non
2030 2546 2361 2633 poteram
2401 2538 2797 2612 ascendere
2833 2538 2987 2611 sine
3020 2537 3190 2628 alis;

851 2660 1023 2756 quia
1074 2659 1431 2733 difficilius
1483 2665 1590 2733 est
1644 2658 2042 2733 ascendere
2094 2680 2318 2752 quam
2356 2658 2823 2750 descendere,
2866 2665 2948 2730 ut
2995 2657 3194 2731 dice-

851 2787 973 2855 tur
1042 2782 1248 2855 infra.
1317 2783 1404 2856 Et
1472 2781 1686 2854 dicit:
1761 2784 2068 2853 Momasi
2128 2784 2202 2853 in
2268 2802 2350 2852 su
2418 2784 2850 2852 Bismantoa.
2915 2779 3003 2853 Et
3081 2778 3193 2851 hic

849 2908 1135 2996 oportet
1205 2901 1393 2974 scire
1462 2899 1660 2994 quod
1720 2900 2136 2973 Bismantoa
2202 2907 2311 2973 est
2376 2904 2583 2992 petra
2657 2906 3050 2972 montanea
3119 2898 3194 2971 in

850 3021 1222 3096 montibus
1272 3020 1499 3115 Regii,
1556 3026 1704 3092 tota
1756 3040 1977 3094 saxea
2031 3019 2196 3091 viva
2247 3018 2618 3111 altissima,
2674 3018 2772 3092 ita
2823 3017 3016 3111 quod
3071 3039 3195 3089 su-

852 3147 1060 3234 perat
1112 3158 1367 3212 omnes
1419 3140 1639 3212 colles
1691 3138 1989 3229 vicinOS,
2041 3144 2114 3211 et
2166 3138 2383 3211 babet
2436 3158 2661 3211 unam
2716 3139 2945 3211 solam
2999 3138 3195 3210 viam

851 3258 926 3331 in
1001 3259 1340 3351 circuitu,
1402 3278 1624 3352 quam
1705 3259 1916 3352 pauci
1982 3258 2455 3332 defenderent
2523 3279 2567 3332 a
2648 3264 2801 3332 toto
2878 3258 3193 3347 mund03

851 3383 926 3455 in
977 3382 1189 3455 cuius
1240 3382 1664 3455 summitate
1742 3388 1854 3455 est
1919 3382 2269 3476 planities,
2325 3402 2491 3475 quae
2567 3383 2833 3456 colitur
2901 3382 3195 3475 quando

852 3507 961 3576 est
1012 3508 1533 3596 opportunum,
1585 3507 1658 3575 et
1708 3501 1868 3574 loca
1918 3501 2436 3575 circumvicina
2488 3513 2660 3578 sunt
2709 3502 3088 3598 sylvestria
3123 3509 3198 3576 et

852 3643 1153 3717 aspera;
1218 3622 1413 3697 unde
1474 3622 1881 3696 habitantes
1912 3611 1985 3713 (⁴)
2052 3622 2123 3694 in
2185 3624 2400 3716 plano
2470 3622 2772 3697 inferius
2826 3623 3195 3718 refugiunt

852 3742 944 3817 ad
988 3742 1205 3816 istum
1251 3744 1495 3816 locum
1548 3741 1992 3815 tutissimum
2041 3748 2372 3835 tempore
2415 3742 2600 3816 belli.
2632 3742 2905 3817 Accidit
2944 3751 3197 3818 autem

855 3863 1052 3957 quod
1111 3868 1466 3956 tempore,
1530 3882 1680 3954 quo
1739 3862 2096 3935 Henricus
2144 3862 2233 3934 Vl
2286 3863 2480 3935 venit
2533 3863 2605 3934 in
2658 3862 3197 3957 Lombardiam,

854 4005 1027 4058 cum
1087 3983 1479 4056 Gbibertus
1543 3982 1634 4056 de
1684 3982 1971 4077 Corigia
2012 3973 2086 4073 (⁵)
2158 3983 2497 4056 dominus
2575 3983 2860 4055 Parmae
2928 4004 3201 4057 conve-

854 4104 1073 4177 nisset
1133 4123 1305 4176 cum
1369 4123 1459 4177 eo
1491 4092 1589 4195 (ὃ),
1652 4122 1877 4195 quem
1941 4108 2189 4175 tamen
2245 4108 2490 4196 postea
2537 4101 2881 4196 deseruit,
2926 4103 3206 4176 nobiles

856 4223 1085 4318 regini
1129 4224 1442 4295 multum
1496 4223 1833 4297 timentes
1885 4222 2014 4296 sibi
2068 4222 2163 4296 ab
2215 4223 2551 4316 Henrico,
2603 4222 3199 4297 deliberaverunt

979 4438 1035 4498 (¹)
1070 4436 1130 4485 E.
1164 4436 1365 4486 circum
1399 4438 1554 4489 circa.
1998 4436 2054 4499 (²)
2088 4438 2148 4487 Ε.
2183 4438 2245 4486 ad
2279 4439 2435 4488 vitam
2471 4442 2540 4488 et.

979 4511 1035 4574 (⁸)
1068 4512 1128 4560 E.
1164 4514 1341 4562 civitas
1373 4514 1599 4577 antiqua.
1634 4521 1639 4526 ’
1997 4514 2051 4576 (⁴)
2087 4513 2147 4564 E.
2181 4515 2316 4564 unde
2351 4515 2693 4565 inhabitantes
2725 4515 2795 4565 in.

976 4586 1036 4650 (⁸)
1067 4586 1120 4637 S.
1153 4587 1376 4652 corigio.
2002 4588 2056 4654 (⁸)
2086 4590 2137 4641 S.
2172 4606 2293 4641 cum
2327 4606 2404 4642 ea,
