3704 5559
862 499 1000 566 430
1578 510 1992 566 coMENTUM
2042 512 2479 565 PURGATonu

856 658 1216 732 circulum
1246 656 1467 729 istum
1496 677 1886 750 usquequo
1914 656 2047 729 sim
2079 654 2378 729 omnino
2405 654 2803 729 mundatus
2835 657 2929 730 ab
2958 656 3102 749 ira3
3131 663 3204 730 et

854 779 1060 852 dicit:
1096 800 1134 850 e
1165 800 1239 851 se
1271 780 1323 850 ’l
1347 783 1543 870 sumo
1578 779 1788 850 veder
1827 798 1972 849 non
2006 779 2253 867 lascia,
2297 776 2593 871 scilicet,
2624 777 2812 850 alter
2858 777 3200 864 alterum,

856 898 1054 993 quod
1105 904 1295 973 esset
1347 896 1620 972 certius
1687 903 2241 994 argumentum,
2295 903 2568 990 tamen,
2620 897 2846 969 l’udir
2896 900 2959 969 ci
3008 888 3202 969 terr-d

852 1021 1074 1109 giunta?
1121 1021 1196 1090 in
1239 1020 1466 1110 quella
1517 1038 1698 1108 vece,
1734 1016 1946 1111 quasi
1997 1016 2211 1110 dicat,
2266 1015 2431 1090 licet
2481 1037 2627 1089 non
2677 1016 2947 1110 possim
2992 1016 3199 1109 sequi

857 1144 932 1212 te
981 1138 1392 1229 coniuncte,
1429 1135 1617 1210 sicut
1667 1142 1743 1208 tu
1800 1136 2134 1229 sequeris
2172 1136 2426 1230 alium,
2462 1136 2635 1230 quia
2672 1157 2818 1209 non
2854 1137 3063 1210 video
3099 1143 3195 1229 te,

860 1263 1109 1331 tamen
1160 1276 1431 1351 sequar
1481 1276 1738 1329 vocem
1792 1262 2022 1350 tuam,
2075 1262 2148 1330 et
2198 1255 2298 1329 ita
2334 1255 2613 1329 erimus
2649 1255 2995 1329 continuo
3030 1256 3200 1328 satis

859 1377 1269 1473 propinqui.
1299 1416 1398 1429 —
1423 1377 1693 1448 Allora.
1745 1375 1877 1449 Hic
1926 1381 2141 1471 poeta
2204 1374 2372 1449 facit
2425 1375 2923 1448 narrationem
2988 1395 3197 1448 suam

861 1518 1033 1571 cum
1089 1497 1455 1591 petitione,
1507 1495 1793 1570 dicens:
1846 1499 2100 1569 Allora
2147 1497 2609 1586 incominciai,
2646 1495 2925 1590 supple,
2961 1495 3204 1570 dicere

863 1617 958 1689 illi
1012 1617 1226 1692 avide
1275 1616 1709 1712 expectanti,
1745 1620 1924 1689 men’
1959 1638 2046 1689 vo
2079 1637 2269 1707 susc,
2304 1615 2594 1709 scilicet,
2630 1616 2722 1689 ad
2759 1617 3032 1690 coelum
3069 1637 3203 1712 per

864 1737 1399 1832 purgatorium,
1478 1757 1611 1809 con
1678 1739 1907 1828 quella
1966 1738 2222 1829 fascia,
2292 1735 2563 1809 scilicet
2629 1756 2875 1829 carne,
2955 1743 3031 1810 et
3095 1744 3204 1810 est

864 1858 1155 1952 propria
1208 1857 1727 1951 transumptio:
1795 1857 1982 1931 sicut
2044 1856 2240 1931 enim
2309 1854 2559 1930 debilis
2623 1855 2842 1929 fascia
2902 1855 3078 1952 ligat
3129 1862 3207 1930 et

861 1977 1042 2071 tegit
1091 1977 1548 2071 infantulam,
1599 1977 1696 2050 ita
1749 1997 1927 2049 caro
1980 1975 2251 2071 fragilis
2302 1974 2649 2068 animam,
2686 1995 2854 2068 quae
2907 1975 3195 2068 quidem

860 2116 1036 2169 caro
1086 2096 1391 2170 faciliter
1441 2095 1878 2189 dissolvitur,
1932 2094 2117 2167 sicut
2168 2094 2410 2188 fascia,
2473 2100 2547 2168 et
2606 2094 2955 2187 putrescit
3014 2094 3199 2168 inter

864 2214 1116 2288 sordes
1169 2214 1357 2287 sicut
1405 2215 1645 2287 fascia.
1698 2213 1905 2288 Unde
1937 2213 2143 2287 dicit:
2180 2216 2300 2286 che
2340 2218 2413 2285 la
2447 2221 2667 2286 morte
2700 2216 3023 2304 dissolve,
3060 2214 3198 2288 sci-

866 2334 1055 2427 licet,
1110 2334 1410 2407 omnino
1475 2334 1817 2427 resolvit3
1872 2353 2042 2406 nam
2108 2341 2181 2408 et
2239 2341 2411 2407 ante
2471 2340 2787 2408 mortem
2853 2334 3196 2429 paulatim

866 2453 1236 2546 rumpitur
1289 2461 1364 2526 et
1412 2452 1911 2526 consumitur:
1949 2459 2021 2526 et
2056 2453 2156 2526 sic
2196 2452 2343 2526 dixi
2395 2452 2592 2547 quod
2641 2474 2807 2525 sum
2845 2453 3093 2547 vivus3
3129 2461 3202 2527 et

864 2571 1060 2645 addit
1109 2572 1328 2666 aliud,
1383 2572 1665 2646 dicens:
1719 2594 1756 2644 e
1805 2574 2012 2644 veum·
2060 2575 2202 2667 qm’,
2253 2571 2347 2645 ad
2407 2571 2598 2645 istud
2663 2573 3200 2667 purgatorium,

858 2712 991 2782 per
1037 2694 1351 2786 infernal
1380 2694 1761 2785 ambascia,
1798 2692 2002 2788 idest,
2038 2693 2368 2766 laborem
2406 2699 2478 2766 et
2517 2694 2929 2790 angustiam
2971 2694 3197 2766 maio—

867 2832 1024 2886 rem
1080 2834 1305 2906 quam
1360 2814 1494 2887 iste
1544 2813 1655 2909 sit,
1710 2814 1917 2908 quasi
1979 2814 2208 2887 dicat:
2269 2813 2310 2857 *
2337 2834 2482 2887 non
2548 2814 2835 2888 mireris
2894 2816 2952 2887 si
3019 2815 3202 2889 vado

864 2930 1074 3005 vivus
1125 2952 1255 3027 per
1308 2933 1846 3028 purgatorium,
1900 2932 2072 3026 quia
2115 2934 2273 3027 jam
2326 2932 2420 3008 ivi
2475 2954 2603 3028 per
2657 2934 3048 3029 infernum,
3112 2955 3199 3009 ac

861 3049 920 3122 si
972 3049 1226 3123 dicat*
1259 3045 1374 3142 (¹):
1431 3052 1666 3126 habeo
1692 3053 1849 3147 jam
1892 3052 2382 3149 cognitionem
2421 3053 2769 3127 vitiorum
2823 3055 3197 3147 quaesitam

863 3189 1132 3264 magno
1183 3170 1436 3245 labore
1487 3170 1562 3243 in
1611 3171 1921 3266 inferno,
1972 3192 2169 3245 nunc
2228 3171 2523 3246 intendo
2593 3174 2865 3247 habere
2921 3192 3199 3267 purga-

858 3288 1132 3360 tionem
1186 3308 1449 3361 eorum
1505 3289 1577 3361 in
1628 3290 2080 3385 purgatorio
2135 3292 2224 3364 Et
2282 3291 2453 3366 facit
2510 3313 2722 3365 suam
2777 3291 3193 3386 petitionem

859 3404 1205 3478 adiurans
1257 3426 1430 3479 eum
1482 3426 1613 3499 per
1650 3406 1849 3481 illam
1885 3409 2335 3505 singularem
2372 3411 2686 3506 gratiam
2726 3434 2892 3506 quae
2928 3417 3036 3485 est
3071 3410 3202 3485 sibi

860 3545 1226 3620 concessa,
1280 3525 1559 3600 dicens:
1612 3549 1650 3599 e
1698 3549 1772 3599 se
1819 3532 1983 3621 Dio,
2021 3530 2104 3624 si,
2139 3552 2274 3625 pro
2310 3532 2524 3626 quia,
2561 3532 2733 3626 quia
2776 3532 2932 3606 sine
2970 3530 3207 3628 gratia

861 3644 992 3719 Dei
1043 3667 1188 3719 non
1242 3652 1573 3741 poteram
1626 3668 1799 3722 cum
1867 3649 2064 3723 omni
2131 3650 2405 3724 auxilio
2457 3660 2530 3725 et
2580 3652 2878 3726 consilio
2929 3650 3204 3747 Virgilii

860 3764 1104 3840 facere
1154 3774 1304 3841 tam
1357 3788 1653 3842 sacrum
1704 3789 1915 3863 opuS,
1968 3773 2059 3842 m'
2084 3772 2178 3842 Ιια
2232 3773 2308 3842 in
2363 3793 2496 3844 sua
2553 3776 2813 3862 „qrazia
2874 3774 3204 3862 ricMuso,

862 3905 983 3959 me
1033 3885 1606 3981 singularissime
1655 3888 2104 3963 admittendo
2165 3889 2258 3963 ad
2317 3910 2528 3964 suam
2581 3891 2973 3988 benignam
3028 3912 3206 3987 gra—

863 4004 1062 4099 tiam,
1102 4013 1320 4094 tanto,
1353 4009 1519 4079 ch’e'
1537 4008 1699 4080 vuol
1727 4009 1913 4080 ch’io
1950 4011 2198 4098 veyyia
2231 4012 2304 4081 la
2334 4030 2468 4081 sua
2516 4018 2729 4101 corte,
2769 4010 2973 4105 idest,
3010 4009 3206 4105 quod

859 4122 1072 4197 vivus
1121 4125 1509 4200 ascendam
1563 4126 1638 4199 in
1689 4127 1988 4220 coelum,
2033 4148 2169 4218 per
2218 4131 2430 4202 modo
2479 4136 2645 4202 tutto
2688 4135 2860 4224 [τιον
2902 4132 3016 4203 del
3056 4150 3210 4202 mo·-

858 4243 1083 4313 demo
1116 4264 1267 4333 usO,
1303 4244 1593 4338 scilicet,
1632 4266 1766 4339 per
1798 4245 2158 4340 poeticam
2195 4250 2806 4343 speculationem
2848 4250 2997 4324 imo
3039 4250 3209 4323 nul-

860 4359 976 4431 lus
1025 4360 1498 4453 antiquorum
1554 4363 1825 4438 nedum
1893 4364 2420 4440 modernorum
2488 4368 2812 4444 ascendit
2873 4390 3202 4463 unquam

984 4625 1038 4686 (¹)
1069 4626 1143 4676 Le
1177 4627 1353 4689 parole
1387 4626 1466 4678 fra
1499 4629 1516 4677 i
1549 4630 1649 4679 due
1683 4629 1949 4680 asturi-ehi
1981 4642 2108 4681 sono
2141 4631 2223 4680 dei
2251 4629 2425 4682 Codici
2457 4631 2509 4682 S.
2541 4647 2572 4683 e
2608 4637 2715 4683 117.
