3704 5559
1246 468 1527 535 CAN‘rus
1552 470 1886 535 ‚nEchs
1933 473 2221 528 snmus.
2753 469 2891 535 441

557 637 703 691 non
737 636 1001 711 opere3
1055 636 1149 689 ex
1202 637 1351 709 quo
1404 618 1738 712 sequitur
1788 617 2215 713 depravatio
2266 622 2672 697 hominum.
2712 626 2896 701 Dicit

557 756 736 832 ergo
788 737 1074 808 Marcus
1126 735 1251 828 qui
1303 743 1789 811 consueverat
1840 739 1915 811 in
1981 739 2129 813 vita
2187 740 2377 815 bene
2437 744 2625 819 scire
2691 767 2897 820 mor-

513 928 514 935 *
555 857 765 931 dere:
817 861 910 929 Le
944 858 1127 946 leym·
1158 878 1359 948 sono,
1404 858 1592 931 sicut
1642 879 2008 955 mosayca,
2046 862 2490 956 evangelica,
2526 866 2712 939 sacri
2764 887 2891 942 ca-

556 999 784 1052 nones
815 972 913 1069 (¹),
967 998 1086 1049 ma
1134 979 1242 1050 clei
1285 999 1431 1069 pon
1483 999 1695 1050 mano
1730 982 1830 1052 ad
1859 1000 2005 1051 esse
2029 986 2068 1051 ?
2118 980 2322 1074 idest,
2365 986 2890 1076 operationem.

556 1100 643 1172 Et
692 1098 1036 1171 continuo
1101 1098 1486 1192 respondet
1554 1098 1688 1172 sibi
1751 1099 1881 1193 ipsi
1948 1099 2231 1173 dicens:
2293 1105 2523 1175 nullo.-
2584 1111 2657 1178 et
2718 1126 2892 1180 ecce

553 1239 877 1311 causam,
918 1210 1100 1309 pero
1150 1221 1270 1290 clae
1294 1221 1344 1289 ’l
1377 1227 1633 1311 pastor
1673 1222 1792 1292 che
1826 1223 2150 1311 pres-ede,
2187 1220 2392 1315 idest,
2427 1224 2888 1319 apostolicuS,

552 1338 678 1432 qui
728 1337 1064 1432 praesidet
1112 1338 1366 1433 generi
1420 1339 1833 1432 christiano,
1873 1344 1956 1411 ut
1996 1340 2210 1414 faciat
2244 1340 2438 1416 viam
2492 1342 2615 1438 illi,
2665 1347 2889 1415 rumi-

547 1478 687 1530 nar
741 1450 913 1550 pud,
966 1456 1148 1531 idest
1212 1458 1438 1552 loqui,
1502 1480 1621 1530 ma
1683 1481 1825 1531 non
1886 1462 1981 1532 Ιια
2043 1464 2087 1533 l'
2114 1464 2363 1551 unylzie
2414 1466 2620 1556 fessa,
2681 1463 2887 1558 idest,

548 1578 1069 1672 operationem.
1126 1578 1215 1650 Et
1287 1578 1380 1651 ad
1433 1578 1972 1675 intelligendam
2051 1581 2265 1674 plene
2325 1583 2534 1656 istam
2595 1583 2885 1659 literam

548 1698 769 1772 debes
819 1698 1027 1791 scire,
1066 1697 1286 1791 quod,
1324 1698 1512 1773 sicut
1556 1699 1900 1772 scribitur
1934 1699 2007 1772 in
2056 1699 2373 1775 Levitico
2413 1702 2729 1796 capitulo
2766 1704 2885 1797 XI,

547 1819 743 1892 Deus
789 1817 1133 1912 praecepit
1184 1819 1454 1912 populo
1507 1818 1978 1891 hebraeorum
2009 1811 2084 1911 (²)
2137 1826 2221 1892 ut
2271 1822 2744 1895 comederent
2795 1822 2887 1897 de

544 1939 744 2012 omni
794 1938 1089 2012 animali
1145 1939 1340 2032 quod
1395 1940 1804 2014 ruminaret
1838 1947 1913 2013 et
1953 1940 2258 2014 haberet
2303 1942 2653 2036 ungulam
2704 1943 2887 2016 divi-

547 2081 740 2152 sam,
793 2060 885 2132 de
935 2079 1026 2133 eo
1075 2066 1325 2134 autem
1383 2059 1578 2154 quod
1614 2081 1760 2134 non
1807 2060 2236 2154 ruminaret,
2274 2067 2347 2135 et
2382 2082 2527 2135 non
2579 2063 2885 2138 haberet

550 2178 898 2272 ungulam
953 2178 1220 2272 fissam,
1268 2200 1412 2253 non
1463 2179 1958 2272 comederent,
1995 2180 2121 2254 sed
2156 2180 2623 2254 immundum
2661 2203 2884 2277 repu-

548 2305 822 2392 tarent3
876 2305 985 2373 est
1033 2306 1283 2374 autem
1347 2299 1747 2393 ruminare,
1801 2300 2049 2373 cibum
2112 2321 2156 2374 a
2209 2304 2585 2376 stomacho
2645 2302 2738 2375 ad
2798 2324 2879 2377 os

543 2440 916 2496 revocare.
970 2419 1179 2492 Modo
1230 2419 1322 2492 ad
1375 2419 1828 2513 propositum
1882 2419 2040 2494 vult
2097 2419 2342 2495 dicere
2389 2428 2629 2514 autor,
2684 2422 2882 2515 quod

540 2547 785 2635 pastor
836 2539 1239 2614 modernus
1274 2537 1463 2612 hene
1500 2538 1846 2633 ruminat,
1892 2540 2061 2632 quia
2099 2539 2316 2613 habet
2357 2540 2430 2612 in
2471 2560 2604 2614 ore
2637 2541 2877 2635 legem

540 2661 691 2754 Dei,
746 2668 818 2734 et
869 2660 1080 2754 plene
1130 2659 1440 2753 discutit,
1494 2667 1567 2732 et
1618 2660 1711 2733 de
1763 2660 1871 2733 rei
1922 2659 2231 2735 veritate
2281 2659 2711 2754 BonisaciuS,
2750 2660 2877 2753 qui

541 2788 716 2855 tunc
768 2785 929 2853 erat
977 2800 1187 2874 papa,
1237 2779 1424 2854 hene
1482 2779 1755 2854 sciebat
1811 2779 2011 2875 leges
2072 2786 2145 2853 et
2213 2787 2538 2854 sanctam
2568 2770 2642 2871 (³)
2697 2781 2879 2853 scri-

540 2909 858 2998 pturam,
896 2907 969 2975 et
1010 2900 1288 2995 scripsit
1339 2901 1411 2972 in
1453 2901 1627 2994 jure
1677 2900 2050 2994 canonico,
2087 2900 2213 2974 sed
2263 2922 2411 2974 non
2461 2900 2696 2974 divisit
2744 2920 2879 2994 po-

540 3027 876 3096 testatem
927 3020 1409 3114 temporalem
1474 3040 1518 3092 a
1583 3020 1958 3114 spirituali,
2030 3010 2179 3093 imo
2241 3026 2648 3114 utrumque
2712 3020 2880 3094 offi-

539 3147 737 3221 cium
786 3143 1107 3218 confudit
1142 3144 1216 3215 in
1252 3140 1926 3215 unum—Peren&
1963 3142 2092 3216 Hic
2130 3144 2416 3217 Marcus
2453 3142 2744 3216 tandem
2782 3162 2873 3215 ex

536 3265 925 3362 praemissis
967 3264 1183 3337 infert
1217 3262 1761 3337 conclusionem
1795 3262 2285 3357 principaliter
2321 3262 2695 3356 intentam,
2733 3261 2875 3336 sci-

536 3388 723 3479 licet,
776 3384 971 3477 quod
1025 3382 1296 3456 malitia
1347 3382 1656 3476 pastoris
1706 3388 1816 3456 est
1860 3383 2271 3477 principalis
2303 3403 2524 3457 causa
2566 3402 2874 3477 perver-

532 3506 753 3580 sionis
804 3503 1081 3577 mundi.
1134 3501 1339 3576 Unde
1388 3501 1595 3574 dicit:
1651 3499 1917 3575 Perche*
1962 3506 2035 3575 la
2083 3509 2306 3592 yeme,
2357 3501 2627 3576 scilicet
2678 3501 2874 3574 chri-

532 3626 785 3718 stiana,
836 3627 955 3696 clze
1023 3625 1188 3695 vede
1244 3643 1376 3695 sua
1433 3624 1679 3712 quida,
1740 3621 1945 3715 idest,
2006 3626 2398 3716 pastorem,
2458 3642 2601 3711 pur
2655 3624 2869 3713 sedir,

533 3744 738 3836 idest,
790 3744 1012 3816 ferire
1070 3749 1145 3815 et
1204 3740 1602 3834 intendere,
1657 3762 1705 3812 a
1765 3745 1923 3832 quel
1978 3742 2131 3832 ben,
2191 3739 2531 3831 sensibili,
2585 3745 2870 3833 tempo-

533 3864 691 3956 rali,
741 3866 904 3934 ond'
930 3864 1065 3933 ella
1115 3855 1156 3933 e*
1198 3864 1484 3952 qkiocca,
1522 3862 1724 3955 idest,
1769 3860 2002 3953 avida,
2058 3860 2231 3953 quia
2274 3857 2598 3933 assuevit
2649 3858 2745 3931 illi
2796 3865 2869 3933 et

531 3983 886 4057 delectata
937 3987 1046 4055 est
1110 3982 1204 4054 ab
1268 3982 1551 4077 origine
1614 3980 1874 4075 prima,
1930 3985 2010 4051 ut
2061 3980 2218 4074 jam
2282 3978 2867 4052 demonstratum

530 4109 660 4196 est,
712 4106 788 4175 di
837 4106 992 4193 quel
1037 4105 1100 4174 si
1143 4124 1379 4195 pasce,
1431 4102 1724 4195 scilicet,
1762 4101 1883 4174 illo
1935 4100 2129 4173 bono
2163 4118 2415 4194 parVO,
2451 4105 2516 4170 et
2539 4092 2663 4190 piic
2695 4100 2872 4170 oltre

527 4244 670 4296 non
720 4224 973 4313 chiede,
1009 4221 1301 4316 scilicet,
1339 4223 1620 4295 maiora
1672 4222 1865 4295 bona
1919 4219 2337 4314 spiritualia.
2392 4218 2479 4290 Et
2530 4218 2645 4292 hic
2697 4223 2869 4292 nota

527 4341 724 4437 quod
775 4347 989 4435 poeta
1039 4347 1287 4416 noster
1328 4343 1528 4436 juste
1578 4340 2060 4435 conqueritur
2110 4340 2202 4413 de
2262 4340 2457 4412 malo
2511 4338 2867 4434 regimine

643 4531 698 4592 (⁸)
731 4530 793 4579 Ε.
826 4542 1048 4579 canones
1078 4535 1132 4581 et
1162 4529 1482 4590 huiusmodi3
1514 4543 1604 4578 ma
1634 4530 1731 4577 chi.

648 4607 702 4670 (¹)
738 4611 843 4668 117,
877 4606 1139 4657 hebraico.
1671 4603 1726 4666 (⁸)
1760 4608 1869 4663 117,
1903 4617 2118 4653 sacram,
