3704 5559
1417 499 1698 556 CANTUs
1750 503 2040 557 sEx‘rUs.
2569 450 2580 467 K
2756 491 2893 558 173

548 651 806 741 poeta:
863 667 900 717 e
967 648 1112 718 vidi
1159 648 1203 718 ἴ
1229 649 1472 719 anima
1515 650 1742 721 divisa
1790 650 1918 720 dal
1965 667 2183 740 corpo
2221 668 2378 739 su0,
2412 647 2706 744 scilicet,
2744 649 2900 724 vio-

549 765 789 839 lenter
840 771 1275 859 separatam,
1323 787 1457 859 per
1521 770 1700 839 astio
1748 789 1787 840 e
1838 787 1978 858 per
2036 768 2388 858 inveyyia,
2441 766 2649 860 idest,
2714 768 2899 842 invi—

545 883 685 979 dia,
739 906 884 957 non
928 907 1060 976 per
1109 889 1313 977 colpa
1363 889 1724 978 commisa,
1773 887 1978 981 idest,
2032 907 2181 961 non
2232 887 2406 980 quia
2456 887 2549 962 de
2602 887 2706 961 rei
2770 908 2898 962 ve-

548 1004 763 1079 ritate
814 1010 1006 1079 esset
1056 1004 1128 1077 in
1181 1004 1416 1100 culpa,
1471 1007 1682 1080 cuius
1747 1013 2138 1081 accusatus
2208 1006 2469 1081 fuerat.
2541 1007 2628 1086 Et
2678 1008 2892 1084 dicit:

542 1145 737 1197 come
783 1126 1007 1215 dic-ea,
1057 1123 1265 1218 idest,
1315 1125 1503 1198 sicut
1564 1126 1717 1221 ipse
1785 1127 2152 1201 referebat
2202 1126 2430 1221 mihi3
2484 1133 2730 1201 tamen
2784 1127 2896 1200 in-

540 1242 763 1319 famia
813 1243 1195 1318 laborabat
1247 1250 1504 1319 contra
1555 1265 1731 1320 eum
1784 1245 1859 1318 in
1911 1246 2154 1342 vulgo.
2220 1245 2361 1321 Sed
2421 1246 2714 1340 DanteS,
2767 1246 2892 1339 qui

538 1362 677 1438 fuit
744 1362 1085 1458 ParisiuS,
1155 1371 1318 1458 post
1380 1364 1683 1439 exilium
1749 1387 1996 1461 suum,
2062 1367 2439 1461 explorata
2509 1366 2892 1462 diligenter

539 1482 849 1557 veritate
919 1481 1138 1555 buius
1206 1483 1336 1577 rei,
1407 1484 1713 1581 dignum
1781 1485 2013 1579 duxit,
2083 1485 2322 1581 ipsum
2395 1506 2674 1581 ponere
2748 1468 2891 1559 'sal-

541 1623 719 1677 vum
772 1601 845 1674 in
896 1601 1349 1697 purgatorie,
1402 1607 1476 1677 et
1527 1590 1837 1678 reddere
1879 1603 2012 1678 sibi
2053 1604 2324 1678 bonam
2368 1605 2665 1699 samam,
2703 1603 2891 1677 sicut

538 1721 815 1796 fecerat
863 1722 1080 1795 Petro
1132 1720 1225 1795 de
1274 1720 1514 1796 Vineis
1567 1721 1643 1795 in
1703 1722 2011 1798 inferno.
2077 1724 2163 1796 Et
2223 1723 2398 1816 quia
2463 1730 2678 1818 poeta
2730 1730 2890 1797 erat

540 1842 827 1914 locutus
864 1840 1075 1913 nimis
1104 1842 1374 1935 clause,
1411 1841 1734 1917 declarat
1768 1863 1871 1937 se,
1908 1843 2191 1937 dicens;
2226 1846 2393 1916 Pier
2432 1846 2628 1916 dalla
2663 1850 2887 1917 Broc—

537 1964 675 2052 οἱα,
737 1964 912 2034 dico,
976 1961 1063 2033 Et
1121 1960 1295 2054 quia
1358 1961 1509 2055 ipse
1570 1983 1767 2036 nunc
1833 1962 2175 2037 describit
2234 1963 2751 2060 purgatorium
2817 1971 2893 2038 et

541 2082 770 2156 tendit
822 2081 913 2155 ad
965 2065 1513 2176 poenitentiam,
1566 2082 1729 2157 ideo
1789 2083 2045 2156 invitat
2105 2083 2337 2178 ipsam
2402 2084 2733 2180 reginam
2798 2082 2890 2157 ad

538 2199 1041 2295 poenitentiam
1093 2201 1312 2274 buius
1363 2201 1639 2296 peccati
1689 2201 1763 2275 in
1813 2201 1985 2296 vita,
2021 2202 2311 2276 dicens:
2363 2225 2399 2275 e
2433 2206 2506 2275 la
2539 2206 2780 2276 donna
2817 2205 2893 2274 di

538 2321 918 2412 Brabante,
988 2320 1193 2415 idest,
1255 2321 1509 2417 regina
1575 2320 1924 2416 Franciae,
1995 2343 2162 2416 quae
2223 2330 2384 2398 erat
2451 2323 2594 2398 filia
2671 2322 2878 2398 ducis

543 2439 980 2533 Brabantiae,
1027 2445 1423 2535 proveyyia
1475 2446 1616 2535 qui,
1669 2443 1960 2536 scilicet,
2012 2443 2512 2538 poenitentiam
2579 2451 2749 2540 agat
2808 2443 2884 2516 in

540 2561 819 2635 mundo
869 2562 961 2635 de
1014 2568 1252 2637 morte
1311 2563 1734 2658 innocentis,
1788 2584 2012 2657 quem
2074 2564 2254 2638 salso
2312 2565 2684 2637 accusavit
2754 2583 2884 2656 per

546 2679 915 2775 invidiam,
969 2687 1230 2755 mentre
1279 2678 1353 2756 e‘e
1402 2685 1479 2755 di
1525 2704 1692 2776 qua,
1754 2683 2047 2777 scilicet,
2101 2683 2175 2755 in
2234 2685 2372 2758 bac
2426 2682 2598 2776 vita,
2650 2674 2710 2753 εὶ
2769 2684 2888 2754 che

535 2793 740 2894 perd,
775 2801 980 2895 idest,
1016 2809 1313 2898 propter
1351 2803 1544 2877 istud
1588 2825 1897 2879 enorme
1943 2811 2329 2899 peccatum
2380 2803 2885 2897 commissum,

535 2941 682 2993 non
728 2923 840 2994 sia
888 2924 964 2994 di
1001 2924 1306 3014 peyyior
1367 2925 1697 3015 yreyyia,
1760 2945 1985 3017 quam
2051 2923 2188 2997 iste
2251 2925 2535 3017 PetruS,
2589 2922 2716 3016 qui
2776 2930 2887 2996 est

534 3038 727 3113 inter
777 3046 1079 3136 agentes
1129 3041 1632 3136 poenitentiam
1686 3042 1760 3115 in
1810 3044 1951 3117 boc
2002 3043 2211 3136 loco;
2265 3042 2472 3137 quasi
2525 3042 2750 3116 dicat:
2796 3062 2889 3116 ne

535 3158 627 3233 sit
674 3159 768 3234 de
818 3181 1050 3258 grege
1099 3161 1622 3237 damnatorum
1671 3162 1748 3236 in
1800 3162 2109 3237 inferno.

688 3285 894 3354 Come
926 3283 1143 3355 libero
1170 3285 1295 3376 sui.
1352 3283 1493 3357 Ista
1544 3290 1652 3358 est
1703 3281 2023 3357 secunda
2078 3303 2246 3377 pars
2273 3277 2348 3375 (¹)
2388 3283 2773 3379 generalis,
2814 3282 2884 3355 in

535 3421 682 3494 qua
733 3408 951 3496 poeta
1015 3400 1306 3475 discutit
1335 3393 1410 3493 (²)
1464 3422 1690 3476 unam
1746 3402 2227 3495 quaestionem
2278 3422 2447 3496 quae
2495 3403 2737 3476 oritur
2790 3422 2879 3476 ex

534 3519 777 3616 dictis;
830 3528 904 3597 et
953 3521 1293 3614 describit
1328 3543 1563 3595 unum
1600 3522 1933 3617 spiritum
1981 3522 2457 3619 singularem,
2502 3523 2878 3597 concivem

534 3642 809 3740 Virgilii
840 3633 938 3735 (³).
991 3643 1079 3714 Et
1142 3641 1497 3716 dubitatio
1556 3642 1882 3717 breviter
1948 3648 2092 3716 stat
2151 3643 2223 3716 in
2290 3645 2476 3717 hoc:
2539 3641 2884 3738 Virgilius

534 3761 626 3835 v]
675 3762 983 3837 Eneidos
1033 3761 1304 3856 scribit,
1341 3761 1538 3855 quod
1574 3762 1808 3836 Eneas
1841 3782 2014 3836 cum
2063 3762 2188 3836 ivit
2228 3761 2321 3836 ad
2357 3762 2726 3835 infernum
2772 3761 2885 3834 in-

534 3882 733 3958 venit
790 3882 983 3957 inter
1047 3881 1224 3955 alias
1291 3882 1563 3955 multas
1624 3881 1907 3956 animas
1964 3880 2290 3955 animam
2357 3879 2702 3972 Palinuri,
2757 3878 2884 3972 qui

534 4005 989 4103 gubernator
1040 4002 1245 4078 navis
1297 4001 1518 4097 ipsius
1568 4002 1787 4077 Eneae
1838 4009 2177 4097 tempore
2243 3999 2474 4074 noctis
2536 3999 2886 4092 deceptus

532 4146 583 4201 a
633 4145 893 4200 somno
945 4122 1201 4199 cecidit
1251 4122 1329 4195 in
1378 4142 1612 4216 mare,
1665 4128 1740 4197 et
1797 4119 2116 4195 natando
2175 4119 2509 4216 pervenit
2566 4118 2658 4192 ad
2718 4118 2888 4191 litus

538 4245 811 4340 Italiae3
867 4250 939 4319 et
990 4244 1169 4318 dum
1219 4243 1439 4318 vellet
1489 4243 1695 4318 exire
1736 4242 1808 4316 in
1863 4248 2166 4336 terram,
2209 4239 2505 4335 quidam
2563 4245 2888 4334 pastores

534 4371 874 4462 putantes
921 4363 1161 4459 ipsum
1212 4382 1374 4436 esse
1407 4362 1719 4457 piratam
1755 4361 2109 4457 lapidibus
2138 4362 2651 4436 demerserunt
2685 4378 2882 4433 eum.

651 4554 714 4617 (¹)
746 4553 808 4603 Ε.
841 4566 872 4602 e
907 4556 1015 4614 11⁷,
1049 4566 1170 4616 pars
1201 4552 1431 4616 capituli,
1467 4553 1519 4602 in
1551 4565 1671 4616 qua.
1984 4550 2038 4613 (¹)
2069 4550 2121 4601 S.
2155 4551 2416 4602 discurrit.

658 4627 714 4693 (·)
744 4628 808 4679 Ε.
841 4627 1069 4692 Virgilii,
1103 4628 1194 4693 qui
1225 4628 1299 4679 vl
1330 4628 1554 4678 Eneidos
1585 4627 1782 4678 scribit.
