3704 5559
872 441 1013 507 538
1584 447 1991 503 coMENTUM
2041 450 2484 504 PURGAToan

869 597 1168 671 damnat
1229 593 1723 687 multipliciter
1786 594 2196 684 avaritiam,
2260 593 2648 668 ostendens
2715 593 2967 685 quales
3034 600 3212 666 sunt

869 717 1152 790 fructus
1186 715 1377 790 eius:
1434 720 1509 788 et
1558 714 1794 808 primo
1845 714 2157 787 ostendit
2207 714 2519 807 qualiter
2560 712 2776 807 Hugo
2819 711 3210 805 respondet

869 836 963 910 ad
1014 835 1411 910 secundam
1445 827 1517 925 (¹)
1563 834 2007 927 petitionem,
2062 855 2210 927 qua
2263 834 2621 927 petiverat
2669 853 2917 926 supra,
2970 853 3208 926 quare

872 958 1071 1030 solus
1123 953 1622 1028 renovellabat
1672 953 1826 1026 illas
1877 952 2130 1048 dignas
2181 953 2455 1027 laudes.
2493 952 2676 1026 Dicit
2727 972 2905 1048 ergo
2955 952 3207 1046 Hugo:

882 1070 1001 1149 Cio
1052 1077 1153 1147 ch'
1178 1077 1249 1146 io
1298 1077 1519 1164 dicca,
1572 1093 1746 1145 cum
1798 1073 2090 1166 planctu
2143 1074 2285 1166 pio,
2327 1075 2402 1144 di
2451 1075 2678 1164 quella
2726 1075 2934 1143 unica
2998 1091 3212 1162 sposa

875 1198 1056 1268 dello
1090 1196 1348 1285 spirito
1398 1199 1626 1282 santo,
1670 1192 1876 1285 idest,
1927 1193 2019 1266 de
2069 1192 2418 1288 singulari
2471 1192 2756 1287 virgine
2806 1190 3029 1263 Maria
3083 1190 3214 1264 de-

877 1321 1177 1387 cantans
1230 1317 1735 1406 paupertatem
1789 1311 1988 1404 eius3
2026 1333 2063 1382 e
2095 1314 2213 1383 che
2262 1315 2313 1383 ci
2354 1316 2500 1403 sccc
2552 1315 2793 1402 volqer
2833 1332 3036 1382 verso
3079 1331 3213 1399 me,

877 1440 963 1505 ut
1004 1433 1162 1526 jam
1214 1430 1492 1503 dictum
1543 1437 1652 1503 est
1712 1449 1958 1524 supra,
2012 1430 2209 1523 quod
2272 1431 2493 1503 traxit
2563 1451 2643 1504 se
2707 1430 3035 1520 ulteriuS‚
3077 1451 3212 1521 per

878 1556 1133 1625 alcuna
1186 1553 1446 1640 chiosa,
1487 1549 1689 1643 idest,
1726 1556 2024 1644 propter
2076 1548 2301 1623 verba
2346 1556 2595 1624 secuta
2633 1551 2706 1623 in
2747 1550 3040 1624 laudem
3077 1549 3213 1622 Fa-

878 1671 1109 1764 bricii,
1161 1690 1330 1763 quae
1379 1669 1681 1743 fuerunt
1729 1668 2209 1742 declaratoria
2264 1668 2479 1761 primi
2530 1669 2721 1760 dicti,
2775 1676 2966 1740 tanto
3017 1664 3057 1740 ἐ
3100 1671 3214 1741 di-

879 1798 1111 1882 sposto
1162 1811 1211 1861 α
1255 1796 1414 1862 tutte
1445 1797 1683 1861 nostre
1710 1809 1944 1880 prece,
1980 1787 2182 1881 idest,
2220 1788 2559 1882 precibus
2592 1808 2778 1881 quas
2812 1789 3118 1866 facimus
3136 1778 3207 1879 (²)

879 1909 1266 2002 cantando,
1332 1909 1597 2003 quibus
1668 1907 2108 2002 respondent
2173 1906 2292 1980 alii
2362 1907 2675 2001 spiritus,
2754 1910 2986 1999 quant’
3013 1899 3215 1998 elsi?

882 2033 1096 2120 dura,
1149 2029 1357 2122 quasi
1408 2028 1633 2101 dicat:
1683 2028 1922 2101 solum
1970 2027 2061 2101 de
2111 2026 2228 2101 die
2278 2027 2586 2100 facimus
2637 2027 2857 2100 talem
2920 2028 3218 2101 cantile-

887 2170 1058 2221 nam
1081 2172 1100 2239 3
1127 2168 1246 2219 ma
1279 2150 1562 2237 quando
1586 2150 1638 2219 'l
1664 2150 2055 2236 s’annotla,
2082 2146 2283 2239 idest,
2313 2146 2745 2219 adveniente
2782 2153 3012 2236 nocte,
3050 2167 3220 2218 con-

884 2269 1116 2339 trario
1166 2286 1341 2337 suon
1370 2269 1753 2357 prendcmo
1786 2270 1862 2337 in
1895 2269 2122 2356 quella
2157 2263 2337 2354 vece,
2373 2264 2580 2357 quasi
2616 2264 2837 2338 dicat:
2875 2265 2967 2339 de
3002 2272 3216 2341 nocte

884 2389 1271 2457 cantamus
1305 2384 1716 2457 cantionem
1755 2391 1958 2458 recte
1992 2384 2458 2457 contrariam.
2497 2384 2581 2456 Et
2632 2384 2747 2457 hic
2800 2390 2968 2457 nota
3023 2383 3217 2479 quod

885 2503 1360 2577 contrarietas
1397 2510 1538 2576 stat
1578 2503 1651 2575 in
1691 2504 1854 2596 hoc,
1890 2503 2087 2597 quod
2123 2503 2473 2577 nominati
2508 2502 2581 2574 in
2617 2503 2853 2596 prima
2887 2505 3223 2579 cantione

886 2623 1151 2696 diurna
1202 2622 1507 2697 fuerunt
1564 2623 1982 2696 amicissimi
2032 2623 2478 2716 paupertatis
2541 2629 2615 2697 et
2673 2623 3075 2719 largitatis3
3129 2625 3225 2697 iili

886 2764 1068 2819 vero
1118 2744 1211 2819 de
1263 2745 1529 2839 quibus
1582 2744 1659 2816 fit
1711 2743 1984 2820 mentio
2037 2743 2109 2816 in
2160 2743 2495 2819 cantione
2530 2750 2889 2819 nocturna
2925 2744 3223 2819 fuerunt

885 2866 1101 2940 amici
1168 2866 1494 2940 avaritiae
1555 2870 1626 2939 et
1686 2864 2114 2959 cupiditatis,
2183 2866 2364 2937 Nota
2432 2864 2650 2939 etiam
2716 2865 2913 2958 quod
2974 2864 3226 2939 laudes

889 2987 1241 3083 largitatis
1303 2992 1693 3060 cantantur
1752 2985 1827 3057 in
1886 2984 2026 3077 die,
2081 2984 2251 3077 quia
2314 2984 2611 3078 largitas
2670 2984 2838 3058 facit
2895 2985 3226 3059 homines

889 3107 1169 3199 claros3
1221 3104 1348 3178 sed
1386 3104 1681 3178 infamia
1722 3103 2050 3177 avaritiae
2090 3110 2427 3178 cantatur
2465 3104 2539 3175 in
2573 3111 2811 3197 nocte,
2844 3105 3015 3198 quia
3049 3126 3228 3178 ava-

892 3227 1053 3299 ritia
1107 3225 1274 3298 facit
1327 3225 1657 3298 homines
1707 3225 2081 3298 obscuros,
2111 3264 2209 3276 —
2238 3227 2392 3296 Noi.
2447 3224 2576 3297 Hic
2614 3225 2828 3320 Hugo
2862 3224 3225 3319 percurrit

889 3343 1212 3416 breviter
1249 3343 1478 3416 multa
1514 3342 1957 3436 improperia
1992 3364 2417 3436 avarorum,
2453 3350 2529 3417 et
2563 3345 2799 3436 primo
2841 3344 3223 3418 avaritiam

891 3461 1399 3558 Pygmalionis,
1435 3462 1562 3555 qui
1605 3462 1832 3536 frater
1873 3461 2166 3535 Didonis
2200 3482 2391 3536 caeca
2430 3462 2821 3556 cupiditate
2862 3464 3028 3536 auri
3067 3485 3222 3537 ma-

890 3581 1114 3657 ctavit
1145 3571 1216 3673 (²³)
1273 3581 1636 3655 Sichaeum
1701 3581 2071 3655 sororium
2124 3602 2372 3673 suum,
2425 3588 2722 3675 propter
2788 3583 2983 3676 quod
3046 3582 3224 3655 Dido

890 3701 1075 3799 fugit
1124 3702 1216 3776 de
1266 3702 1480 3796 Tyro,
1534 3708 1608 3775 et
1659 3700 1858 3775 venit
1917 3701 1992 3773 in
2053 3700 2355 3795 Lybiam
2387 3690 2487 3794 (⁴),
2544 3709 2624 3774 ut
2673 3703 2959 3777 dicetur
3010 3704 3230 3776 Para-

890 3822 1045 3916 disi,
1099 3822 1414 3917 capitulo
1464 3820 1585 3893 IX.
1642 3821 1824 3894 Dicit
1854 3812 1969 3912 (5):
2026 3824 2163 3893 Noi
2210 3824 2535 3913 ripetiam
2586 3826 2853 3914 allona,
2900 3822 3105 3915 idest,
3154 3822 3228 3895 in

891 3943 1012 4016 illa
1064 3943 1245 4035 vice,
1298 3942 1595 4034 quando
1646 3940 1727 4013 fit
1762 3961 1932 4034 nox,
1986 3944 2447 4034 Piqmalione,
2482 3963 2819 4036 avarum,
2855 3944 2966 4015 cui
2997 3945 3070 4013 la
3104 3963 3228 4013 vo-

891 4066 1039 4153 ylia
1069 4083 1201 4135 sua
1233 4064 1495 4151 qkiolta
1529 4064 1686 4133 dcll'
1714 4082 1876 4151 ore,
1913 4060 2116 4154 idest,
2152 4081 2375 4154 quem
2422 4062 2759 4136 voluntas
2799 4083 2934 4135 sua
2969 4061 3226 4155 cupida

893 4182 1083 4276 auri,
1145 4185 1292 4275 fece
1350 4182 1679 4271 traditor,
1752 4179 2163 4275 rumpendo
2232 4180 2606 4255 vinculum
2666 4180 2832 4254 fidei
2897 4180 3229 4254 strictum

1020 4401 1074 4465 (¹)
1108 4402 1167 4451 Ε.
1200 4401 1262 4451 ad
1295 4404 1573 4452 secundam
1605 4409 1807 4465 partem
1839 4403 2117 4466 petitionis,
2151 4416 2252 4466 qua
2285 4403 2553 4465 petiverat.
2789 4401 2847 4463 (¹)
2879 4401 2940 4450 E.
2972 4399 3207 4449 fecimus

1018 4478 1072 4541 (⁸)
1106 4479 1166 4529 Ε.
1202 4479 1445 4530 mactavit
1475 4478 1773 4542 Pigmaleon
1807 4480 2024 4542 ipsemet
2040 4478 2302 4530 Sichaeum
2334 4485 2610 4544 cognatum
2643 4492 2796 4530 suum
2822 4478 2991 4527 virum
3010 4474 3237 4531 Didonis,

898 4560 1110 4619 propter
1142 4556 1297 4620 quod.
1673 4556 1729 4617 (⁸)
1761 4557 1822 4607 E.
1856 4556 2073 4606 Lidiam.
2444 4556 2500 4618 (⁸)
2532 4556 2593 4605 E.
2628 4556 2768 4605 Dicit
2798 4566 2954 4617 ergo.-
2988 4552 3099 4601 Not.
