3704 5559
877 522 1020 589 516
1604 528 2011 583 coMEN‘rUM
2060 528 2497 583 Pnnenomr

876 676 1248 751 mirabiles
1292 675 1589 770 figuras.
1627 672 1831 748 Sicut
1863 694 2043 770 ergo
2078 673 2392 748 Joannes
2427 671 2926 767 procubuerat
2959 669 3052 744 ad
3091 689 3225 765 pe-

873 797 1000 872 des
1051 795 1314 893 angeli,
1369 795 1466 869 ita
1517 815 1714 868 nunc
1764 795 2033 869 Dantes
2084 793 2176 868 ad
2229 794 2449 888 pedes
2492 792 2738 889 magni
2786 790 3219 883 sacerdotis3

875 925 948 992 et
997 917 1185 990 sicut
1218 916 1527 1011 angelus
1570 935 1715 987 non
1748 913 2153 1008 acceptavit
2192 914 2391 986 hunc
2429 914 2783 986 bonorem
2828 932 3101 985 vocans
3138 930 3222 984 se

873 1055 1313 1113 conservum
1364 1033 1522 1107 eius
1558 1040 1632 1108 et
1663 1033 1979 1107 aliorum
2017 1033 2446 1108 habentium
2482 1031 2982 1106 testimonium
3018 1030 3219 1124 Jesu‚

873 1156 972 1230 ita
1048 1174 1245 1227 nunc
1309 1174 1494 1248 papa
1559 1154 1749 1247 fecit,
1815 1174 2083 1230 vocans
2143 1173 2223 1227 se
2286 1173 2727 1227 conservum
2804 1151 3083 1227 autoris
3142 1157 3221 1224 et

873 1274 1190 1376 aliorum
1241 1273 1850 1367 christianorum3
1905 1273 2067 1347 ideo
2119 1279 2364 1347 textus
2413 1272 2541 1366 qui
2593 1273 2811 1347 babet
2876 1292 3216 1344 converso

872 1414 1266 1491 perversus
1336 1400 1464 1468 est.
1537 1394 1624 1466 Et
1686 1394 1931 1467 subdit
1998 1392 2357 1467 Adrianus
2426 1393 2868 1467 confirmans
2937 1391 3214 1464 dictum

874 1536 1096 1588 suum
1148 1535 1281 1609 per
1330 1514 1526 1589 aliud
1582 1514 2079 1589 testimonium
2134 1534 2361 1587 sacrae
2413 1513 2840 1607 scripturae:
2884 1513 3010 1584 ben
3041 1515 3235 1603 puoi·

875 1637 1085 1708 veder
1127 1635 1360 1726 perch'
1383 1637 1454 1706 io
1504 1626 1645 1706 cosi
1693 1636 2024 1724 ragione,
2075 1655 2149 1705 se
2199 1636 2345 1706 mai
2390 1635 2750 1706 intendes&
2798 1635 2957 1723 quel
3009 1637 3216 1702 santo

875 1757 1270 1845 evangelico
1319 1775 1567 1844 suone,
1619 1753 1931 1828 Matthaei
1984 1754 2179 1826 XXII
2214 1753 2555 1848 capitulO,
2599 1755 2719 1825 elle
2769 1755 2957 1826 dice:
2992 1754 3064 1824 in
3102 1772 3220 1824 re-

873 1877 1299 1948 surrectione
1348 1894 1565 1966 neque
1596 1874 1848 1946 nubent
1877 1895 2094 1966 neque
2126 1874 2484 1945 nubentur.
2516 1872 2637 1946 Sic
2679 1872 2872 1946 enim
2913 1892 3217 1966 respon-

873 1995 977 2070 dit
1027 1994 1351 2068 Christus
1387 2015 1557 2068 cum
1601 1994 1789 2067 facta
1831 1999 2023 2067 esset
2059 1993 2191 2067 sibi
2227 1994 2532 2088 quaestio
2565 1992 2658 2067 de
2698 1991 3007 2065 muliere
3043 2009 3213 2084 quae

876 2114 1126 2208 plures
1176 2112 1429 2185 habuit
1480 2112 1698 2206 virOS,
1742 2113 1953 2186 cuius
2004 2113 2266 2187 debeat
2317 2133 2477 2187 esse
2528 2113 2601 2186 in
2652 2111 3208 2187 resurrectione.

874 2233 982 2304 Ex
1036 2231 1303 2324 quibus
1353 2236 1549 2324 patet
1599 2231 1795 2323 quod
1857 2232 2165 2327 dignitas
2227 2231 2648 2327 temporalis
2709 2229 3033 2305 vanescit
3081 2249 3213 2323 per

875 2356 1216 2425 mortem.
1247 2390 1347 2402 —
1388 2355 1676 2422 Vaaene.
1729 2350 1860 2424 Hic
1920 2351 2181 2424 ultimo
2237 2351 2598 2425 Adrianus
2660 2351 2978 2426 licentiat
3036 2369 3214 2444 poe-

876 2479 1052 2566 tam,
1103 2470 1381 2544 dicens:
1453 2476 1723 2542 Vattene
1771 2473 1986 2562 omai,
2040 2471 2212 2564 quia
2263 2473 2490 2547 habes
2539 2473 2753 2567 plura
2818 2471 3070 2544 videre
3119 2468 3211 2542 de

874 2592 1183 2668 materia
1236 2590 1611 2664 uberrima
1661 2611 2088 2684 avarorum,
2125 2598 2199 2666 et
2234 2612 2373 2687 ego
2409 2592 2643 2666 habeo
2689 2591 2928 2666 redire
2970 2591 3063 2664 ad
3096 2609 3215 2662 so-

873 2713 1084 2788 litum
1150 2712 1549 2809 planctum.
1617 2710 1819 2785 Unde
1884 2710 2096 2785 dicit:
2158 2732 2303 2784 non
2366 2715 2472 2785 vo'
2498 2715 2616 2786 che
2665 2707 2793 2805 pi&
2854 2714 2899 2784 ι’
2927 2710 3207 2798 arresti,

874 2835 1048 2929 quia
1099 2833 1270 2908 satis
1332 2831 1587 2907 stetisti
1639 2851 1959 2926 mecum,
2029 2828 2152 2905 che*
2196 2836 2269 2905 la
2321 2839 2441 2905 tua
2496 2841 2749 2906 stanza
2814 2836 2953 2904 mio
3007 2835 3217 2923 pian-

871 2977 1000 3046 9er
1051 2956 1355 3045 disayia,
1408 2952 1609 3045 idest,
1659 2952 1830 3046 quia
1886 2959 2014 3026 tua
2066 2972 2278 3027 mora
2321 2952 2788 3047 interrumpit
2839 2953 3210 3047 planctum

877 3094 1156 3167 meum,
1208 3077 1320 3146 col
1366 3077 1534 3164 qual
1577 3080 1885 3162 mature,
1939 3072 2142 3167 idest,
2178 3074 2535 3167 accelero,
2587 3068 2693 3146 eid
2743 3075 2862 3146 che
2912 3081 2981 3145 tu
3030 3077 3215 3146 dice-

875 3197 990 3283 sti,
1024 3192 1247 3287 paulo
1283 3212 1528 3285 supra,
1564 3192 1834 3265 scilicet
1881 3191 2404 3285 poenitentiam.
2443 3193 2531 3265 Et
2576 3193 2920 3266 continuo
2955 3192 3213 3265 Adria-

875 3333 1016 3384 nus
1068 3310 1458 3405 respondet
1507 3310 1740 3382 tertiae
1792 3310 2158 3404 petitioni3
2213 3312 2384 3405 quia
2436 3313 2631 3386 enim
2686 3313 3040 3407 petiverat
3082 3333 3210 3385 su-

874 3452 1030 3525 pra,
1085 3430 1143 3502 si
1194 3428 1486 3504 volebat
1535 3449 1710 3501 eum
1762 3429 2007 3503 facere
2058 3430 2329 3524 aliquid
2375 3432 2447 3503 in
2489 3430 2786 3525 mundo,
2824 3431 3210 3526 respondet

872 3548 1271 3623 Adrianus:
1328 3552 1582 3640 Nepote
1631 3548 1719 3619 Ιιο
1767 3550 1838 3620 io
1890 3550 1965 3620 di
2013 3539 2111 3639 ἰὰ,
2164 3550 2434 3624 scilicet
2483 3551 2557 3623 in
2591 3550 2846 3624 Tuscia
2901 3550 2972 3623 in
3024 3550 3212 3624 valle

873 3671 1154 3763 Macrae,
1190 3669 1402 3740 οΙιἸια
1451 3688 1654 3739 nome
1703 3670 2007 3761 Μαρίας
2060 3669 2196 3744 ista
2248 3671 2476 3764 neptis
2509 3691 2714 3765 papae
2749 3670 3041 3745 Adriani
3080 3670 3209 3743 suit

875 3809 1065 3862 uxor
1135 3787 1576 3862 marchionis
1626 3787 1941 3861 Marcelli
2001 3788 2431 3884 Malaspinae‚
2494 3790 2621 3883 qui
2689 3791 3007 3863 multum
3074 3792 3210 3864 ho-

872 3907 1160 3982 noravit
1210 3928 1383 3981 eum
1439 3914 1770 4001 tempore
1820 3907 1931 3980 sui
1986 3908 2201 4004 exilii,
2257 3917 2340 3983 ut
2389 3910 2557 3983 alibi
2607 3910 2883 3985 dictum
2937 3918 3085 4004 est:
3138 3917 3210 3985 et

871 4029 1007 4103 ista
1040 4027 1334 4103 domina
1369 4029 1685 4101 multum
1723 4030 2162 4123 complacuit
2200 4037 2374 4104 tunc
2408 4030 2640 4104 Danti.
2669 4030 2874 4105 Unde
2909 4030 3205 4124 quidam

869 4149 1146 4240 volunt,
1189 4146 1388 4241 quod
1435 4157 1651 4242 poeta
1702 4149 2048 4242 loquatur
2100 4149 2193 4224 de
2244 4171 2329 4225 ea
2383 4151 2567 4223 infra
2607 4150 2924 4244 capitulo
2963 4151 3208 4242 XXIV,

871 4266 997 4339 ubi
1049 4266 1239 4359 dicit,
1281 4267 1478 4360 quod
1531 4288 1677 4340 una
1731 4268 1997 4342 mulier
2048 4269 2261 4343 faciet
2312 4269 2445 4343 sibi
2496 4271 2787 4365 placere
2836 4269 3208 4344 civitatem

869 4387 1290 4458 Lucanam:
1345 4385 1471 4459 sed
1525 4407 1669 4460 uon
1720 4388 1963 4461 credo.
2017 4389 2104 4461 Et
2153 4389 2322 4463 dicit
2372 4390 2770 4464 Adrianus:
2831 4391 3063 4464 buona
3111 4392 3208 4463 da

868 4529 967 4600 se,
1023 4505 1198 4599 quia
1266 4506 1696 4581 naturaliter
1747 4508 2008 4602 pudica
2069 4515 2142 4582 et
2202 4510 2527 4604 honesta,
2577 4532 2726 4603 pur
2790 4513 2909 4583 che
2958 4514 3029 4583 la
3080 4531 3213 4582 no-

870 4634 1023 4699 stra
1073 4646 1243 4697 casa
1293 4645 1435 4698 non
1479 4629 1712 4718 faccia
1760 4631 1848 4700 lei
1888 4649 2023 4719 per
2073 4633 2367 4722 esemplo
2417 4632 2802 4721 malvayia,
2853 4629 3055 4725 idest,
3091 4629 3208 4702 lu-
