3704 5559
1410 493 1685 549 CANTUs
1734 494 2025 548 SEXTUS·
2756 483 2893 550 183

550 640 834 716 scordia
885 640 1073 713 inter
1122 660 1298 714 eum
1352 646 1423 713 et
1473 639 1883 734 Philippum
1950 659 2202 735 regem
2267 640 2614 734 Franciae,
2677 640 2899 714 Boni-

553 760 786 836 facius
828 759 996 834 fecit
1043 758 1283 832 soedus
1334 778 1507 831 cum
1556 759 1877 852 Alberto,
1923 767 1996 833 et
2044 759 2280 854 ipsum
2336 768 2752 855 vocaverat,
2808 781 2899 835 eo

550 887 887 974 tempore
918 899 1067 973 quo
1098 885 1354 973 captus
1382 884 1492 952 est
1522 878 1596 950 in
1623 900 1758 952 sua
1785 878 2076 952 civitate
2091 878 2890 975 Anagniae.—Guarda.

550 1001 681 1075 Hic
731 1006 946 1095 poeta
996 997 1270 1072 invehit
1332 1003 1587 1072 contra
1649 998 2032 1071 Albertum
2101 998 2532 1092 praedictum
2585 1000 2712 1093 qui
2763 1019 2897 1074 ne-

552 1121 774 1220 glexit
827 1119 1102 1213 venire,
1138 1140 1307 1193 cum
1348 1116 1737 1215 posset,‘}ad
1772 1117 2225 1192 liberandam
2267 1118 2568 1193 Italiam.
2624 1119 2896 1193 Ordina

553 1243 655 1317 sic
705 1242 1019 1335 literam,
1071 1247 1143 1314 et
1193 1239 1550 1314 descende
1600 1238 1810 1332 infra,
1863 1245 1937 1312 et
1987 1239 2227 1313 dicas:
2302 1243 2362 1312 0
2411 1240 2694 1312 Alberco
2768 1245 2896 1311 Te-

553 1366 786 1454 deso-0,
838 1362 1072 1436 electe
1123 1361 1546 1455 imperator,
1590 1361 1691 1431 ch'
1718 1360 2147 1434 abbandoni.
2170 1363 2400 1451 costei,
2434 1360 2642 1455 idest,
2679 1360 2890 1433 istam

552 1484 862 1577 Italiam,
936 1485 1037 1555 ch'
1066 1478 1107 1555 ἐ
1160 1485 1345 1574 salla
1406 1483 1742 1554 indomita
1800 1501 1838 1552 e
1902 1483 2292 1570 selvayqia,
2351 1479 2557 1574 idest,
2609 1479 2899 1555 rebellis

553 1610 629 1679 et
678 1601 1099 1676 inobediens
1151 1600 1480 1694 imperiO,
1519 1600 1691 1693 quia
1727 1619 1875 1672 non
1915 1599 2174 1673 venisti
2215 1599 2308 1673 ad
2343 1599 2539 1673 illam
2584 1599 2896 1673 doman—

553 1723 751 1816 dam,
811 1744 850 1795 e
909 1724 1217 1795 dovresti
1262 1723 1584 1815 inforcar
1635 1724 1686 1793 li
1749 1723 1905 1793 suoi
1953 1723 2253 1812 arcioni,
2307 1720 2510 1814 idest,
2563 1719 2898 1813 equitare

560 1862 767 1935 eam;
819 1844 1108 1933 quartia
1159 1844 1331 1913 com’
1359 1849 1504 1913 esca
1530 1843 1739 1933 fiera,
1782 1840 2078 1934 scilicet,
2113 1838 2337 1933 Italia,
2390 1836 2431 1913 e*
2469 1844 2653 1934 salta
2695 1842 2896 1933 sella,

560 1961 764 2056 idest,
819 1983 1070 2057 prava,
1114 1983 1249 2054 per
1298 1983 1437 2033 non
1491 1982 1679 2033 esser
1728 1969 2033 2034 correcta
2082 1964 2180 2034 da
2231 1962 2333 2051 qli
2369 1964 2640 2052 sprom',
2683 1960 2887 2054 idest,

559 2081 1081 2178 imperialibuS,
1142 2085 1266 2174 poi
1330 2084 1450 2154 che
1487 2085 1764 2174 ponesti
1812 2101 2025 2153 mano
2076 2102 2123 2153 a
2174 2082 2247 2153 la
2290 2082 2634 2172 predella,
2687 2080 2893 2174 idest,

555 2208 945 2299 postquam
982 2201 1427 2296 assumpsisti
1466 2200 1799 2295 regimen
1834 2199 2039 2273 istius
2090 2200 2265 2274 ferae
2314 2198 2571 2292 belvae,
2613 2204 2687 2272 et
2719 2198 2898 2272 froe-

558 2343 763 2396 num.
800 2321 964 2396 Scio
1018 2328 1285 2414 tamen,
1323 2320 1522 2414 quod
1556 2319 2049 2393 communiter
2082 2319 2202 2393 alii
2231 2313 2307 2411 (¹)
2349 2320 2649 2392 trahunt
2684 2318 2894 2393 istam

558 2442 845 2516 literam
897 2441 990 2514 ad
1048 2443 1361 2531 liqentem
1412 2460 1558 2513 non
1609 2439 1703 2513 ad
1752 2440 2134 2529 Albertum,
2195 2444 2267 2512 et
2318 2443 2696 2532 exponunt
2746 2438 2893 2511 sic:

559 2564 669 2637 Tu
719 2583 929 2657 papa,
982 2560 1282 2655 respice,
1335 2561 1707 2653 quomodo
1756 2559 1958 2632 Italia
2021 2559 2211 2633 sacta
2272 2564 2379 2631 est
2438 2557 2671 2649 fellea,
2724 2556 2897 2650 quia

559 2690 643 2758 tu
696 2703 843 2757 non
894 2681 1283 2778 permisisti
1325 2680 1845 2775 imperatorem
1885 2678 2159 2771 venire,
2211 2683 2286 2753 et
2335 2675 2784 2770 assumpsisti
2822 2675 2894 2747 in

557 2812 634 2881 te
684 2803 1037 2902 regimen.
1063 2843 1163 2856 —
1196 2804 1431 2876 Giusto
1479 2803 1802 2893 madio-io,
1845 2800 1976 2874 Hic
2025 2806 2239 2893 poeta
2291 2798 2739 2892 imprecatur
2772 2796 2897 2870 Al-

555 2925 768 3000 berto
819 2924 1099 2997 malum
1151 2922 1247 2996 ob
1296 2921 1564 2996 dictam
1617 2921 1910 3015 culpam
1942 2909 2042 3011 (²),
2094 2917 2385 2992 dicens:
2448 2919 2684 2988 Giusto
2731 2919 2896 3007 qiu-

555 3047 764 3137 dicio,
815 3043 1084 3119 scilicet
1140 3041 1490 3134 divinum,
1544 3044 1728 3114 dalle
1801 3042 1989 3112 stelle
2062 3040 2317 3128 cawia
2389 3058 2609 3129 sopra
2660 3037 2708 3110 ’l
2779 3044 2896 3110 tuo

553 3186 853 3256 saraque,
899 3164 1083 3239 idest
1132 3162 1377 3237 veniat
1428 3180 1651 3255 super
1717 3166 1811 3234 te.
1875 3159 1962 3230 Et
2030 3158 2146 3230 hic
2211 3163 2407 3250 nota,
2469 3158 2666 3250 quod
2707 3157 2899 3232 istud

556 3284 802 3361 evenit
850 3283 943 3358 de
992 3283 1214 3356 facto:
1268 3301 1442 3355 nam
1496 3280 1570 3353 in
1621 3277 2011 3354 MCCCVIII
2051 3276 2370 3352 calendis
2412 3276 2581 3351 maii
2635 3276 2896 3352 Alber-

557 3409 678 3477 tus
726 3402 1116 3498 praedictus
1166 3400 1300 3474 fuit
1343 3398 1712 3497 gladiatus
1750 3398 1845 3471 ab
1890 3417 2039 3471 uno
2075 3416 2212 3471 suo
2246 3402 2510 3491 nepote
2552 3396 2901 3491 proditio-

557 3522 822 3598 naliter
870 3522 945 3596 in
998 3521 1304 3597 transitu
1374 3518 1590 3593 unius
1651 3518 1996 3611 fluminiS,
2048 3515 2491 3591 descendens
2552 3516 2645 3591 de
2706 3516 2895 3592 navi.

557 3643 798 3719 Causa
849 3641 1007 3735 fuit,
1059 3642 1233 3734 quia
1284 3639 1520 3714 dictus
1569 3639 1913 3713 Alhertus
1964 3638 2372 3732 occupabat
2422 3636 2557 3710 sibi
2609 3643 2898 3731 partem

560 3761 982 3838 hereditatis
1032 3760 1344 3835 ducatus
1381 3758 1717 3832 Austriae.
1755 3756 1965 3831 Ponit
1998 3776 2179 3851 ergo
2215 3757 2354 3829 hoc
2389 3756 2662 3829 sactum
2709 3762 2899 3829 tam-

560 3902 789 3977 quam
838 3880 1200 3974 futurum,
1254 3879 1427 3974 quia
1490 3878 1708 3952 habet
1767 3881 2180 3970 respectum
2245 3875 2339 3949 ad
2404 3881 2694 3969 tempus
2743 3896 2898 3949 suae

563 4000 876 4095 visioniS,
929 4021 1076 4075 non
1126 4001 1219 4076 ad
1278 4007 1568 4093 tempus
1619 4018 1768 4092 quo
1818 3996 2130 4096 scripsit3
2201 3995 2389 4068 sicut
2449 4014 2643 4089 saepe
2704 3994 2899 4071 idem

562 4122 843 4198 ostendi
894 4122 969 4195 in
1018 4121 1304 4196 inferno
1340 4120 1413 4193 in
1447 4119 1697 4193 multis
1735 4116 1965 4211 dictis,
2000 4135 2170 4209 quae
2209 4115 2546 4190 videntur
2587 4116 2904 4211 prophe-

565 4241 728 4337 tica,
791 4261 965 4321 cum
1032 4249 1281 4317 tamen
1337 4260 1484 4314 non
1545 4239 1734 4333 sint3
1785 4238 1948 4312 ideo
2005 4236 2220 4311 dicit:
2274 4258 2311 4309 e
2366 4238 2478 4309 sia
2539 4256 2771 4309 nuovo
2840 4243 2906 4309 et

562 4368 838 4456 aperto,
888 4361 1063 4455 quia
1110 4361 1302 4435 bene
1350 4359 1487 4433 fuit
1525 4357 1887 4454 judicium
1939 4356 2111 4431 satis
2157 4364 2596 4432 extraneum
2633 4363 2704 4432 et
2741 4377 2905 4431 ma-

566 4528 778 4539 ...—

696 4614 751 4675 (¹)
783 4611 838 4662 S.
873 4612 953 4662 isli
987 4614 1215 4664 trahunt.
1591 4610 1643 4671 (²)
1678 4615 1785 4670 117,
1821 4624 2027 4661 causam
2060 4617 2111 4660 et
2149 4611 2371 4673 culpam.
