<?xml version="1.0" encoding="UTF-8"?>
<!DOCTYPE html PUBLIC "-//W3C//DTD XHTML 1.0 Transitional//EN"
    "http://www.w3.org/TR/xhtml1/DTD/xhtml1-transitional.dtd">
<html xmlns="http://www.w3.org/1999/xhtml" xml:lang="en" lang="en">
 <head>
  <title>
</title>
<meta http-equiv="Content-Type" content="text/html;charset=utf-8" />
  <meta name='ocr-system' content='tesseract 3.04.00' />
  <meta name='ocr-capabilities' content='ocr_page ocr_carea ocr_par ocr_line ocrx_word'/>
</head>
<body>
  <div class='ocr_page' id='page_1' title='image "benvenutideramb00lacagoog_0104.png"; bbox 0 0 3704 5559; ppageno 0'>
   <div class='ocr_carea' id='block_1_1' title="bbox 856 462 2475 527">
    <p class='ocr_par' dir='ltr' id='par_1_1' title="bbox 856 462 2475 527">
     <span class='ocr_line' id='line_1_1' title="bbox 856 462 2475 527; baseline -0.004 0"><span class='ocrx_word' id='word_1_1' title='bbox 856 462 949 527; x_wconf 77' lang='grc'>92</span> <span class='ocrx_word' id='word_1_2' title='bbox 1574 471 1984 526; x_wconf 80' lang='lat' dir='ltr'>eoMENTUM</span> <span class='ocrx_word' id='word_1_3' title='bbox 2035 470 2475 524; x_wconf 80' lang='lat' dir='ltr'>PURGATORII</span> 
     </span>
    </p>
   </div>
   <div class='ocr_carea' id='block_1_2' title="bbox 846 612 3262 4434">
    <p class='ocr_par' dir='ltr' id='par_1_2' title="bbox 846 612 3262 4434">
     <span class='ocr_line' id='line_1_2' title="bbox 855 612 3196 712; baseline -0.002 -22"><span class='ocrx_word' id='word_1_4' title='bbox 855 636 986 712; x_wconf 93' lang='lat' dir='ltr'>per</span> <span class='ocrx_word' id='word_1_5' title='bbox 1037 616 1486 689; x_wconf 87' lang='lat' dir='ltr'>intellectum</span> <span class='ocrx_word' id='word_1_6' title='bbox 1537 615 1974 707; x_wconf 90' lang='lat' dir='ltr'>humanum,</span> <span class='ocrx_word' id='word_1_7' title='bbox 2029 634 2172 687; x_wconf 90' lang='lat' dir='ltr'>non</span> <span class='ocrx_word' id='word_1_8' title='bbox 2240 620 2607 687; x_wconf 86' lang='lat' dir='ltr'>noverunt</span> <span class='ocrx_word' id='word_1_9' title='bbox 2658 612 2902 686; x_wconf 92' lang='lat' dir='ltr'>omnia</span> <span class='ocrx_word' id='word_1_10' title='bbox 2975 612 3196 686; x_wconf 88' lang='lat' dir='ltr'>etiam</span> 
     </span>
     <span class='ocr_line' id='line_1_3' title="bbox 853 733 3196 831; baseline -0 -22"><span class='ocrx_word' id='word_1_11' title='bbox 853 736 927 810; x_wconf 91' lang='lat' dir='ltr'>in</span> <span class='ocrx_word' id='word_1_12' title='bbox 978 736 1181 831; x_wconf 90' lang='lat' dir='ltr'>puris</span> <span class='ocrx_word' id='word_1_13' title='bbox 1243 735 1721 829; x_wconf 83' lang='lat' dir='ltr'>naturalibuS,</span> <span class='ocrx_word' id='word_1_14' title='bbox 1789 741 1865 809; x_wconf 89' lang='lat' dir='ltr'>et</span> <span class='ocrx_word' id='word_1_15' title='bbox 1930 735 2164 808; x_wconf 91' lang='lat' dir='ltr'>multo</span> <span class='ocrx_word' id='word_1_16' title='bbox 2226 734 2469 807; x_wconf 91' lang='lat' dir='ltr'>minus</span> <span class='ocrx_word' id='word_1_17' title='bbox 2539 734 2610 806; x_wconf 91' lang='lat' dir='ltr'>in</span> <span class='ocrx_word' id='word_1_18' title='bbox 2683 733 2961 827; x_wconf 90' lang='lat' dir='ltr'>divinis,</span> <span class='ocrx_word' id='word_1_19' title='bbox 3024 734 3196 827; x_wconf 90' lang='lat' dir='ltr'>quia</span> 
     </span>
     <span class='ocr_line' id='line_1_4' title="bbox 857 850 3201 948; baseline -0.001 -18"><span class='ocrx_word' id='word_1_20' title='bbox 857 877 1001 930; x_wconf 92' lang='lat' dir='ltr'>non</span> <span class='ocrx_word' id='word_1_21' title='bbox 1030 850 1102 946; x_wconf 78' lang='lat'>(¹)</span> <span class='ocrx_word' id='word_1_22' title='bbox 1158 855 1629 947; x_wconf 78' lang='lat' dir='ltr'>creationem,</span> <span class='ocrx_word' id='word_1_23' title='bbox 1685 874 1831 927; x_wconf 92' lang='lat' dir='ltr'>non</span> <span class='ocrx_word' id='word_1_24' title='bbox 1884 855 2484 948; x_wconf 80' lang='lat' dir='ltr'>incarnationem,</span> <span class='ocrx_word' id='word_1_25' title='bbox 2528 874 2677 931; x_wconf 91' lang='lat' dir='ltr'>non</span> <span class='ocrx_word' id='word_1_26' title='bbox 2719 854 3201 929; x_wconf 86' lang='lat' dir='ltr'>resurrectio-</span> 
     </span>
     <span class='ocr_line' id='line_1_5' title="bbox 854 975 3198 1071; baseline 0 -23"><span class='ocrx_word' id='word_1_27' title='bbox 854 997 1048 1051; x_wconf 87' lang='lat' dir='ltr'>nem.</span> <span class='ocrx_word' id='word_1_28' title='bbox 1103 975 1286 1049; x_wconf 85' lang='lat' dir='ltr'>Dicit</span> <span class='ocrx_word' id='word_1_29' title='bbox 1336 996 1556 1071; x_wconf 87' lang='lat' dir='ltr'>ergo:</span> <span class='ocrx_word' id='word_1_30' title='bbox 1597 998 1634 1048; x_wconf 83' lang='lat' dir='ltr'>e</span> <span class='ocrx_word' id='word_1_31' title='bbox 1682 978 1970 1067; x_wconf 69' lang='lat' dir='ltr'>vedaste,</span> <span class='ocrx_word' id='word_1_32' title='bbox 2007 976 2301 1069; x_wconf 91' lang='lat' dir='ltr'>scilicet,</span> <span class='ocrx_word' id='word_1_33' title='bbox 2353 996 2483 1049; x_wconf 87' lang='lat' dir='ltr'>vos</span> <span class='ocrx_word' id='word_1_34' title='bbox 2521 975 2852 1049; x_wconf 88' lang='lat' dir='ltr'>homines</span> <span class='ocrx_word' id='word_1_35' title='bbox 2902 976 3198 1050; x_wconf 89' lang='lat' dir='ltr'>novistis</span> 
     </span>
     <span class='ocr_line' id='line_1_6' title="bbox 856 1095 3200 1191; baseline 0 -22"><span class='ocrx_word' id='word_1_36' title='bbox 856 1099 979 1187; x_wconf 75' lang='lat' dir='ltr'>lai,</span> <span class='ocrx_word' id='word_1_37' title='bbox 1030 1096 1319 1189; x_wconf 93' lang='lat' dir='ltr'>scilicet,</span> <span class='ocrx_word' id='word_1_38' title='bbox 1370 1116 1676 1191; x_wconf 89' lang='lat' dir='ltr'>magnos</span> <span class='ocrx_word' id='word_1_39' title='bbox 1727 1096 2209 1190; x_wconf 79' lang='lat' dir='ltr'>philosophOS,</span> <span class='ocrx_word' id='word_1_40' title='bbox 2245 1098 2498 1184; x_wconf 64' lang='lat' dir='ltr'>dssiar,</span> <span class='ocrx_word' id='word_1_41' title='bbox 2534 1095 2739 1188; x_wconf 86' lang='lat' dir='ltr'>idest,</span> <span class='ocrx_word' id='word_1_42' title='bbox 2783 1095 3200 1170; x_wconf 90' lang='lat' dir='ltr'>desiderare</span> 
     </span>
     <span class='ocr_line' id='line_1_7' title="bbox 856 1215 3262 1310; baseline -0 -20"><span class='ocrx_word' id='word_1_43' title='bbox 856 1216 1045 1290; x_wconf 90' lang='lat' dir='ltr'>scire</span> <span class='ocrx_word' id='word_1_44' title='bbox 1105 1223 1369 1310; x_wconf 88' lang='lat' dir='ltr'>totum,</span> <span class='ocrx_word' id='word_1_45' title='bbox 1428 1237 1645 1288; x_wconf 82' lang='lat' dir='ltr'>senza</span> <span class='ocrx_word' id='word_1_46' title='bbox 1688 1220 1937 1309; x_wconf 65' lang='lat' dir='ltr'>frum,</span> <span class='ocrx_word' id='word_1_47' title='bbox 1990 1216 2162 1308; x_wconf 91' lang='lat' dir='ltr'>quia</span> <span class='ocrx_word' id='word_1_48' title='bbox 2215 1222 2387 1289; x_wconf 86' lang='lat' dir='ltr'>voto</span> <span class='ocrx_word' id='word_1_49' title='bbox 2446 1215 2771 1289; x_wconf 80' lang='lat' dir='ltr'>frustrati</span> <span class='ocrx_word' id='word_1_50' title='bbox 2825 1222 3018 1309; x_wconf 93' lang='lat' dir='ltr'>sunt,</span> <span class='ocrx_word' id='word_1_51' title='bbox 3081 1217 3201 1289; x_wconf 76' lang='lat' dir='ltr'>che</span> <span class='ocrx_word' id='word_1_52' title='bbox 3247 1298 3262 1309; x_wconf 48' lang='grc'>,</span> 
     </span>
     <span class='ocr_line' id='line_1_8' title="bbox 853 1336 3198 1432; baseline -0 -21"><span class='ocrx_word' id='word_1_53' title='bbox 853 1338 1131 1411; x_wconf 81' lang='lat' dir='ltr'>serebbe</span> <span class='ocrx_word' id='word_1_54' title='bbox 1170 1340 1282 1410; x_wconf 88' lang='lat' dir='ltr'>lor</span> <span class='ocrx_word' id='word_1_55' title='bbox 1312 1339 1492 1410; x_wconf 69' lang='lat' dir='ltr'>dis-w</span> <span class='ocrx_word' id='word_1_56' title='bbox 1534 1344 1829 1429; x_wconf 79' lang='lat' dir='ltr'>quetaco,</span> <span class='ocrx_word' id='word_1_57' title='bbox 1867 1337 1925 1409; x_wconf 94' lang='lat' dir='ltr'>si</span> <span class='ocrx_word' id='word_1_58' title='bbox 1961 1336 2365 1432; x_wconf 89' lang='lat' dir='ltr'>potuissent</span> <span class='ocrx_word' id='word_1_59' title='bbox 2404 1336 2650 1410; x_wconf 92' lang='lat' dir='ltr'>omnia</span> <span class='ocrx_word' id='word_1_60' title='bbox 2686 1337 2874 1410; x_wconf 90' lang='lat' dir='ltr'>scire</span> <span class='ocrx_word' id='word_1_61' title='bbox 2908 1356 3040 1432; x_wconf 91' lang='lat' dir='ltr'>per</span> <span class='ocrx_word' id='word_1_62' title='bbox 3076 1357 3198 1410; x_wconf 90' lang='lat' dir='ltr'>ra-</span> 
     </span>
     <span class='ocr_line' id='line_1_9' title="bbox 855 1455 3198 1552; baseline 0 -21"><span class='ocrx_word' id='word_1_63' title='bbox 855 1458 1155 1552; x_wconf 89' lang='lat' dir='ltr'>tionem,</span> <span class='ocrx_word' id='word_1_64' title='bbox 1218 1464 1293 1532; x_wconf 90' lang='lat' dir='ltr'>et</span> <span class='ocrx_word' id='word_1_65' title='bbox 1352 1479 1497 1532; x_wconf 90' lang='lat' dir='ltr'>non</span> <span class='ocrx_word' id='word_1_66' title='bbox 1560 1458 1808 1531; x_wconf 82' lang='lat' dir='ltr'>suisset</span> <span class='ocrx_word' id='word_1_67' title='bbox 1876 1457 2286 1531; x_wconf 91' lang='lat' dir='ltr'>necessaria</span> <span class='ocrx_word' id='word_1_68' title='bbox 2357 1455 2573 1551; x_wconf 84' lang='lat' dir='ltr'>fides3</span> <span class='ocrx_word' id='word_1_69' title='bbox 2644 1457 2768 1531; x_wconf 92' lang='lat' dir='ltr'>sed</span> <span class='ocrx_word' id='word_1_70' title='bbox 2838 1456 3198 1551; x_wconf 89' lang='lat' dir='ltr'>sapientes</span> 
     </span>
     <span class='ocr_line' id='line_1_10' title="bbox 854 1573 3198 1672; baseline 0 -20"><span class='ocrx_word' id='word_1_71' title='bbox 854 1579 1052 1652; x_wconf 84' lang='lat' dir='ltr'>stulti</span> <span class='ocrx_word' id='word_1_72' title='bbox 1103 1573 1376 1653; x_wconf 83' lang='lat' dir='ltr'>inventi</span> <span class='ocrx_word' id='word_1_73' title='bbox 1428 1585 1619 1672; x_wconf 91' lang='lat' dir='ltr'>sunt,</span> <span class='ocrx_word' id='word_1_74' title='bbox 1680 1579 1842 1653; x_wconf 93' lang='lat' dir='ltr'>ideo</span> <span class='ocrx_word' id='word_1_75' title='bbox 1909 1578 2123 1651; x_wconf 87' lang='lat' dir='ltr'>dicit:</span> <span class='ocrx_word' id='word_1_76' title='bbox 2184 1580 2329 1668; x_wconf 79' lang='lat' dir='ltr'>che,</span> <span class='ocrx_word' id='word_1_77' title='bbox 2391 1576 2598 1667; x_wconf 90' lang='lat' dir='ltr'>idest,</span> <span class='ocrx_word' id='word_1_78' title='bbox 2661 1577 2856 1670; x_wconf 93' lang='lat' dir='ltr'>quod</span> <span class='ocrx_word' id='word_1_79' title='bbox 2916 1577 3198 1652; x_wconf 90' lang='lat' dir='ltr'>deside-</span> 
     </span>
     <span class='ocr_line' id='line_1_11' title="bbox 853 1696 3198 1795; baseline -0 -24"><span class='ocrx_word' id='word_1_80' title='bbox 853 1699 1050 1772; x_wconf 90' lang='lat' dir='ltr'>rium</span> <span class='ocrx_word' id='word_1_81' title='bbox 1103 1707 1177 1773; x_wconf 87' lang='lat' dir='ltr'>et</span> <span class='ocrx_word' id='word_1_82' title='bbox 1228 1700 1591 1795; x_wconf 88' lang='lat' dir='ltr'>appetitus</span> <span class='ocrx_word' id='word_1_83' title='bbox 1640 1699 1911 1773; x_wconf 91' lang='lat' dir='ltr'>sciendi</span> <span class='ocrx_word' id='word_1_84' title='bbox 1962 1698 2208 1772; x_wconf 92' lang='lat' dir='ltr'>omnia</span> <span class='ocrx_word' id='word_1_85' title='bbox 2262 1697 2377 1771; x_wconf 89' lang='lat' dir='ltr'>via</span> <span class='ocrx_word' id='word_1_86' title='bbox 2431 1697 2768 1790; x_wconf 89' lang='lat' dir='ltr'>naturali,</span> <span class='ocrx_word' id='word_1_87' title='bbox 2804 1696 2844 1771; x_wconf 66' lang='lat' dir='ltr'>c*</span> <span class='ocrx_word' id='word_1_88' title='bbox 2880 1701 3048 1771; x_wconf 81' lang='lat' dir='ltr'>dato</span> <span class='ocrx_word' id='word_1_89' title='bbox 3087 1701 3198 1771; x_wconf 89' lang='lat' dir='ltr'>lor</span> 
     </span>
     <span class='ocr_line' id='line_1_12' title="bbox 846 1809 3197 1913; baseline 0 -21"><span class='ocrx_word' id='word_1_90' title='bbox 846 1842 980 1912; x_wconf 81' lang='lat' dir='ltr'>per</span> <span class='ocrx_word' id='word_1_91' title='bbox 1030 1823 1222 1911; x_wconf 78' lang='lat' dir='ltr'>lutto,</span> <span class='ocrx_word' id='word_1_92' title='bbox 1274 1819 1479 1913; x_wconf 93' lang='lat' dir='ltr'>idest,</span> <span class='ocrx_word' id='word_1_93' title='bbox 1532 1826 1642 1893; x_wconf 92' lang='lat' dir='ltr'>est</span> <span class='ocrx_word' id='word_1_94' title='bbox 1692 1840 2131 1893; x_wconf 90' lang='lat' dir='ltr'>conversum</span> <span class='ocrx_word' id='word_1_95' title='bbox 2186 1818 2318 1891; x_wconf 91' lang='lat' dir='ltr'>illis</span> <span class='ocrx_word' id='word_1_96' title='bbox 2346 1809 2420 1909; x_wconf 75' lang='lat'>(²)</span> <span class='ocrx_word' id='word_1_97' title='bbox 2464 1817 2536 1890; x_wconf 93' lang='lat' dir='ltr'>in</span> <span class='ocrx_word' id='word_1_98' title='bbox 2579 1818 2974 1911; x_wconf 88' lang='lat' dir='ltr'>planctum,</span> <span class='ocrx_word' id='word_1_99' title='bbox 3018 1826 3197 1892; x_wconf 79' lang='lat' dir='ltr'>eter-</span> 
     </span>
     <span class='ocr_line' id='line_1_13' title="bbox 852 1937 3195 2033; baseline -0 -20"><span class='ocrx_word' id='word_1_100' title='bbox 852 1945 1222 2032; x_wconf 79' lang='lat' dir='ltr'>nalmente,</span> <span class='ocrx_word' id='word_1_101' title='bbox 1269 1940 1441 2033; x_wconf 92' lang='lat' dir='ltr'>quia</span> <span class='ocrx_word' id='word_1_102' title='bbox 1494 1940 1937 2014; x_wconf 87' lang='lat' dir='ltr'>aeternaliter</span> <span class='ocrx_word' id='word_1_103' title='bbox 1972 1946 2140 2011; x_wconf 89' lang='lat' dir='ltr'>sunt</span> <span class='ocrx_word' id='word_1_104' title='bbox 2174 1938 2433 2033; x_wconf 90' lang='lat' dir='ltr'>privati</span> <span class='ocrx_word' id='word_1_105' title='bbox 2473 1937 2750 2011; x_wconf 83' lang='lat' dir='ltr'>visione</span> <span class='ocrx_word' id='word_1_106' title='bbox 2783 1937 2936 2032; x_wconf 88' lang='lat' dir='ltr'>Dei,</span> <span class='ocrx_word' id='word_1_107' title='bbox 2972 1959 3195 2031; x_wconf 90' lang='lat' dir='ltr'>quem</span> 
     </span>
     <span class='ocr_line' id='line_1_14' title="bbox 853 2056 3199 2154; baseline 0 -23"><span class='ocrx_word' id='word_1_108' title='bbox 853 2080 1148 2154; x_wconf 82' lang='lat' dir='ltr'>semper</span> <span class='ocrx_word' id='word_1_109' title='bbox 1198 2059 1582 2154; x_wconf 82' lang='lat' dir='ltr'>suspirant.</span> <span class='ocrx_word' id='word_1_110' title='bbox 1624 2060 1712 2131; x_wconf 91' lang='lat' dir='ltr'>Et</span> <span class='ocrx_word' id='word_1_111' title='bbox 1746 2058 2071 2132; x_wconf 84' lang='lat' dir='ltr'>declarat</span> <span class='ocrx_word' id='word_1_112' title='bbox 2104 2057 2446 2153; x_wconf 84' lang='lat' dir='ltr'>Virgilius</span> <span class='ocrx_word' id='word_1_113' title='bbox 2482 2056 2608 2149; x_wconf 91' lang='lat' dir='ltr'>qui</span> <span class='ocrx_word' id='word_1_114' title='bbox 2646 2057 2917 2130; x_wconf 83' lang='lat' dir='ltr'>suerint</span> <span class='ocrx_word' id='word_1_115' title='bbox 2959 2056 3072 2131; x_wconf 90' lang='lat' dir='ltr'>isti</span> <span class='ocrx_word' id='word_1_116' title='bbox 3107 2057 3199 2132; x_wconf 92' lang='lat' dir='ltr'>de</span> 
     </span>
     <span class='ocr_line' id='line_1_15' title="bbox 855 2178 3193 2273; baseline -0.001 -21"><span class='ocrx_word' id='word_1_117' title='bbox 855 2180 1123 2273; x_wconf 91' lang='lat' dir='ltr'>quibus</span> <span class='ocrx_word' id='word_1_118' title='bbox 1175 2180 1521 2273; x_wconf 87' lang='lat' dir='ltr'>loquitur,</span> <span class='ocrx_word' id='word_1_119' title='bbox 1583 2178 1868 2253; x_wconf 89' lang='lat' dir='ltr'>dicens:</span> <span class='ocrx_word' id='word_1_120' title='bbox 1937 2182 2007 2251; x_wconf 85' lang='lat' dir='ltr'>io</span> <span class='ocrx_word' id='word_1_121' title='bbox 2066 2182 2222 2251; x_wconf 84' lang='lat' dir='ltr'>dico</span> <span class='ocrx_word' id='word_1_122' title='bbox 2283 2180 2730 2252; x_wconf 79' lang='lat' dir='ltr'>d&#39;Arislocele</span> <span class='ocrx_word' id='word_1_123' title='bbox 2766 2199 2803 2250; x_wconf 87' lang='lat' dir='ltr'>e</span> <span class='ocrx_word' id='word_1_124' title='bbox 2854 2179 2930 2250; x_wconf 85' lang='lat' dir='ltr'>di</span> <span class='ocrx_word' id='word_1_125' title='bbox 2971 2182 3193 2251; x_wconf 77' lang='lat' dir='ltr'>Plato.</span> 
     </span>
     <span class='ocr_line' id='line_1_16' title="bbox 854 2299 3197 2394; baseline 0 -22"><span class='ocrx_word' id='word_1_126' title='bbox 854 2301 942 2372; x_wconf 92' lang='lat' dir='ltr'>Et</span> <span class='ocrx_word' id='word_1_127' title='bbox 991 2301 1108 2373; x_wconf 90' lang='lat' dir='ltr'>hic</span> <span class='ocrx_word' id='word_1_128' title='bbox 1162 2306 1354 2393; x_wconf 87' lang='lat' dir='ltr'>nota,</span> <span class='ocrx_word' id='word_1_129' title='bbox 1392 2301 1640 2394; x_wconf 85' lang='lat' dir='ltr'>lector,</span> <span class='ocrx_word' id='word_1_130' title='bbox 1679 2299 1876 2393; x_wconf 92' lang='lat' dir='ltr'>quod</span> <span class='ocrx_word' id='word_1_131' title='bbox 1914 2310 2125 2393; x_wconf 88' lang='lat' dir='ltr'>poeta</span> <span class='ocrx_word' id='word_1_132' title='bbox 2162 2305 2410 2373; x_wconf 88' lang='lat' dir='ltr'>noster</span> <span class='ocrx_word' id='word_1_133' title='bbox 2454 2318 2745 2392; x_wconf 91' lang='lat' dir='ltr'>semper</span> <span class='ocrx_word' id='word_1_134' title='bbox 2796 2306 2869 2373; x_wconf 90' lang='lat' dir='ltr'>et</span> <span class='ocrx_word' id='word_1_135' title='bbox 2922 2299 3197 2392; x_wconf 90' lang='lat' dir='ltr'>ubique</span> 
     </span>
     <span class='ocr_line' id='line_1_17' title="bbox 853 2417 3196 2512; baseline 0.001 -23"><span class='ocrx_word' id='word_1_136' title='bbox 853 2418 1226 2512; x_wconf 85' lang='lat' dir='ltr'>praemittit</span> <span class='ocrx_word' id='word_1_137' title='bbox 1280 2418 1741 2492; x_wconf 86' lang='lat' dir='ltr'>Aristotelem</span> <span class='ocrx_word' id='word_1_138' title='bbox 1795 2418 2115 2511; x_wconf 83' lang='lat' dir='ltr'>Platoni3</span> <span class='ocrx_word' id='word_1_139' title='bbox 2177 2418 2374 2492; x_wconf 93' lang='lat' dir='ltr'>unde</span> <span class='ocrx_word' id='word_1_140' title='bbox 2433 2417 2506 2491; x_wconf 93' lang='lat' dir='ltr'>in</span> <span class='ocrx_word' id='word_1_141' title='bbox 2571 2417 2853 2493; x_wconf 85' lang='lat' dir='ltr'>inferno</span> <span class='ocrx_word' id='word_1_142' title='bbox 2906 2419 3196 2499; x_wconf 75' lang='lat' dir='ltr'>vocavit</span> 
     </span>
     <span class='ocr_line' id='line_1_18' title="bbox 855 2537 3192 2633; baseline 0.002 -23"><span class='ocrx_word' id='word_1_143' title='bbox 855 2557 1032 2610; x_wconf 90' lang='lat' dir='ltr'>eum</span> <span class='ocrx_word' id='word_1_144' title='bbox 1088 2537 1523 2633; x_wconf 90' lang='lat' dir='ltr'>magistrum</span> <span class='ocrx_word' id='word_1_145' title='bbox 1575 2538 1958 2632; x_wconf 88' lang='lat' dir='ltr'>scientum,</span> <span class='ocrx_word' id='word_1_146' title='bbox 2006 2545 2078 2612; x_wconf 93' lang='lat' dir='ltr'>et</span> <span class='ocrx_word' id='word_1_147' title='bbox 2128 2539 2505 2612; x_wconf 89' lang='lat' dir='ltr'>Platonem</span> <span class='ocrx_word' id='word_1_148' title='bbox 2542 2544 2615 2612; x_wconf 93' lang='lat' dir='ltr'>et</span> <span class='ocrx_word' id='word_1_149' title='bbox 2649 2537 3024 2611; x_wconf 87' lang='lat' dir='ltr'>Socratem</span> <span class='ocrx_word' id='word_1_150' title='bbox 3062 2558 3192 2633; x_wconf 91' lang='lat' dir='ltr'>po-</span> 
     </span>
     <span class='ocr_line' id='line_1_19' title="bbox 853 2657 3194 2752; baseline 0 -22"><span class='ocrx_word' id='word_1_151' title='bbox 853 2657 995 2730; x_wconf 91' lang='lat' dir='ltr'>suit</span> <span class='ocrx_word' id='word_1_152' title='bbox 1050 2657 1600 2752; x_wconf 89' lang='lat' dir='ltr'>propinquiores</span> <span class='ocrx_word' id='word_1_153' title='bbox 1653 2658 1750 2731; x_wconf 92' lang='lat' dir='ltr'>illi</span> <span class='ocrx_word' id='word_1_154' title='bbox 1802 2666 1877 2732; x_wconf 93' lang='lat' dir='ltr'>et</span> <span class='ocrx_word' id='word_1_155' title='bbox 1918 2658 2203 2751; x_wconf 92' lang='lat' dir='ltr'>merito,</span> <span class='ocrx_word' id='word_1_156' title='bbox 2266 2657 2437 2751; x_wconf 91' lang='lat' dir='ltr'>quia</span> <span class='ocrx_word' id='word_1_157' title='bbox 2487 2657 2905 2731; x_wconf 85' lang='lat' dir='ltr'>Aristoteles</span> <span class='ocrx_word' id='word_1_158' title='bbox 2966 2657 3194 2732; x_wconf 81' lang='lat' dir='ltr'>extir-</span> 
     </span>
     <span class='ocr_line' id='line_1_20' title="bbox 852 2769 3194 2872; baseline 0.001 -21"><span class='ocrx_word' id='word_1_159' title='bbox 852 2778 1050 2872; x_wconf 86' lang='lat' dir='ltr'>pavit</span> <span class='ocrx_word' id='word_1_160' title='bbox 1100 2797 1393 2853; x_wconf 89' lang='lat' dir='ltr'>errores</span> <span class='ocrx_word' id='word_1_161' title='bbox 1426 2779 1783 2871; x_wconf 93' lang='lat' dir='ltr'>omnium,</span> <span class='ocrx_word' id='word_1_162' title='bbox 1838 2785 1911 2853; x_wconf 91' lang='lat' dir='ltr'>et</span> <span class='ocrx_word' id='word_1_163' title='bbox 1941 2769 2015 2869; x_wconf 81' lang='lat'>(³)</span> <span class='ocrx_word' id='word_1_164' title='bbox 2069 2778 2452 2852; x_wconf 87' lang='lat' dir='ltr'>veritatem</span> <span class='ocrx_word' id='word_1_165' title='bbox 2496 2777 2844 2853; x_wconf 90' lang='lat' dir='ltr'>latentem</span> <span class='ocrx_word' id='word_1_166' title='bbox 2891 2778 3032 2852; x_wconf 89' lang='lat' dir='ltr'>sub</span> <span class='ocrx_word' id='word_1_167' title='bbox 3079 2785 3194 2853; x_wconf 90' lang='lat' dir='ltr'>te-</span> 
     </span>
     <span class='ocr_line' id='line_1_21' title="bbox 853 2898 3191 2993; baseline 0 -23"><span class='ocrx_word' id='word_1_168' title='bbox 853 2899 1082 2971; x_wconf 90' lang='lat' dir='ltr'>nebra</span> <span class='ocrx_word' id='word_1_169' title='bbox 1135 2899 1560 2993; x_wconf 71' lang='lat' dir='ltr'>ignorantiae</span> <span class='ocrx_word' id='word_1_170' title='bbox 1609 2898 1914 2972; x_wconf 79' lang='lat' dir='ltr'>adduxit</span> <span class='ocrx_word' id='word_1_171' title='bbox 1949 2898 2017 2970; x_wconf 90' lang='lat' dir='ltr'>in</span> <span class='ocrx_word' id='word_1_172' title='bbox 2062 2899 2341 2992; x_wconf 74' lang='lat' dir='ltr'>lucem,</span> <span class='ocrx_word' id='word_1_173' title='bbox 2387 2918 2522 2971; x_wconf 93' lang='lat' dir='ltr'>nec</span> <span class='ocrx_word' id='word_1_174' title='bbox 2569 2919 2900 2991; x_wconf 90' lang='lat' dir='ltr'>unquam</span> <span class='ocrx_word' id='word_1_175' title='bbox 2953 2898 3191 2973; x_wconf 88' lang='lat' dir='ltr'>inveni</span> 
     </span>
     <span class='ocr_line' id='line_1_22' title="bbox 850 3017 3195 3113; baseline 0 -22"><span class='ocrx_word' id='word_1_176' title='bbox 850 3020 1170 3111; x_wconf 86' lang='lat' dir='ltr'>aliquem</span> <span class='ocrx_word' id='word_1_177' title='bbox 1239 3038 1595 3113; x_wconf 90' lang='lat' dir='ltr'>magnum</span> <span class='ocrx_word' id='word_1_178' title='bbox 1656 3017 2038 3113; x_wconf 87' lang='lat' dir='ltr'>physicum</span> <span class='ocrx_word' id='word_1_179' title='bbox 2100 3018 2224 3110; x_wconf 91' lang='lat' dir='ltr'>qui</span> <span class='ocrx_word' id='word_1_180' title='bbox 2290 3018 2428 3091; x_wconf 87' lang='lat' dir='ltr'>hoc</span> <span class='ocrx_word' id='word_1_181' title='bbox 2491 3019 2887 3113; x_wconf 85' lang='lat' dir='ltr'>negaverit.</span> <span class='ocrx_word' id='word_1_182' title='bbox 2957 3018 3195 3112; x_wconf 85' lang='lat' dir='ltr'>Aliqui</span> 
     </span>
     <span class='ocr_line' id='line_1_23' title="bbox 854 3138 3193 3233; baseline -0.001 -22"><span class='ocrx_word' id='word_1_183' title='bbox 854 3147 1103 3212; x_wconf 84' lang='lat' dir='ltr'>tamen</span> <span class='ocrx_word' id='word_1_184' title='bbox 1158 3138 1403 3233; x_wconf 91' lang='lat' dir='ltr'>magni</span> <span class='ocrx_word' id='word_1_185' title='bbox 1456 3138 1771 3211; x_wconf 90' lang='lat' dir='ltr'>morales</span> <span class='ocrx_word' id='word_1_186' title='bbox 1823 3144 1897 3212; x_wconf 93' lang='lat' dir='ltr'>et</span> <span class='ocrx_word' id='word_1_187' title='bbox 1955 3138 2282 3212; x_wconf 87' lang='lat' dir='ltr'>catholici</span> <span class='ocrx_word' id='word_1_188' title='bbox 2341 3138 2734 3233; x_wconf 84' lang='lat' dir='ltr'>praeferunt</span> <span class='ocrx_word' id='word_1_189' title='bbox 2792 3138 3193 3231; x_wconf 84' lang='lat' dir='ltr'>Platonem,</span> 
     </span>
     <span class='ocr_line' id='line_1_24' title="bbox 855 3258 3192 3353; baseline 0 -23"><span class='ocrx_word' id='word_1_190' title='bbox 855 3258 1042 3330; x_wconf 88' lang='lat' dir='ltr'>sicut</span> <span class='ocrx_word' id='word_1_191' title='bbox 1104 3259 1357 3331; x_wconf 84' lang='lat' dir='ltr'>Cicero</span> <span class='ocrx_word' id='word_1_192' title='bbox 1419 3259 1543 3350; x_wconf 91' lang='lat' dir='ltr'>qui</span> <span class='ocrx_word' id='word_1_193' title='bbox 1606 3266 1817 3332; x_wconf 86' lang='lat' dir='ltr'>vocat</span> <span class='ocrx_word' id='word_1_194' title='bbox 1868 3258 2245 3331; x_wconf 88' lang='lat' dir='ltr'>Platonem</span> <span class='ocrx_word' id='word_1_195' title='bbox 2306 3258 2529 3332; x_wconf 90' lang='lat' dir='ltr'>deum</span> <span class='ocrx_word' id='word_1_196' title='bbox 2598 3259 3192 3353; x_wconf 85' lang='lat' dir='ltr'>philosophorum</span> 
     </span>
     <span class='ocr_line' id='line_1_25' title="bbox 850 3376 3193 3472; baseline 0 -22"><span class='ocrx_word' id='word_1_197' title='bbox 850 3376 1373 3450; x_wconf 90' lang='lat' dir='ltr'>commendans</span> <span class='ocrx_word' id='word_1_198' title='bbox 1424 3376 1881 3449; x_wconf 89' lang='lat' dir='ltr'>Aristotelem</span> <span class='ocrx_word' id='word_1_199' title='bbox 1934 3377 2148 3451; x_wconf 90' lang='lat' dir='ltr'>dicit:</span> <span class='ocrx_word' id='word_1_200' title='bbox 2211 3378 2587 3451; x_wconf 89' lang='lat' dir='ltr'>Platonem</span> <span class='ocrx_word' id='word_1_201' title='bbox 2651 3398 2942 3472; x_wconf 89' lang='lat' dir='ltr'>semper</span> <span class='ocrx_word' id='word_1_202' title='bbox 2992 3377 3193 3452; x_wconf 83' lang='lat' dir='ltr'>exci-</span> 
     </span>
     <span class='ocr_line' id='line_1_26' title="bbox 852 3494 3192 3591; baseline 0.003 -25"><span class='ocrx_word' id='word_1_203' title='bbox 852 3495 992 3591; x_wconf 90' lang='lat' dir='ltr'>pio.</span> <span class='ocrx_word' id='word_1_204' title='bbox 1032 3496 1114 3567; x_wconf 87' lang='lat' dir='ltr'>Et</span> <span class='ocrx_word' id='word_1_205' title='bbox 1148 3494 1598 3591; x_wconf 85' lang='lat' dir='ltr'>Augustinus</span> <span class='ocrx_word' id='word_1_206' title='bbox 1651 3497 1775 3589; x_wconf 90' lang='lat' dir='ltr'>qui</span> <span class='ocrx_word' id='word_1_207' title='bbox 1827 3498 2161 3590; x_wconf 89' lang='lat' dir='ltr'>sequitur</span> <span class='ocrx_word' id='word_1_208' title='bbox 2212 3497 2528 3570; x_wconf 91' lang='lat' dir='ltr'>Tullium</span> <span class='ocrx_word' id='word_1_209' title='bbox 2568 3496 2757 3571; x_wconf 90' lang='lat' dir='ltr'>idem</span> <span class='ocrx_word' id='word_1_210' title='bbox 2794 3497 2984 3590; x_wconf 87' lang='lat' dir='ltr'>dicit,</span> <span class='ocrx_word' id='word_1_211' title='bbox 3022 3497 3192 3591; x_wconf 89' lang='lat' dir='ltr'>quia</span> 
     </span>
     <span class='ocr_line' id='line_1_27' title="bbox 848 3604 3190 3712; baseline 0 -23"><span class='ocrx_word' id='word_1_212' title='bbox 848 3616 1038 3689; x_wconf 91' lang='lat' dir='ltr'>dicta</span> <span class='ocrx_word' id='word_1_213' title='bbox 1076 3615 1392 3689; x_wconf 87' lang='lat' dir='ltr'>Platonis</span> <span class='ocrx_word' id='word_1_214' title='bbox 1428 3623 1598 3689; x_wconf 91' lang='lat' dir='ltr'>sunt</span> <span class='ocrx_word' id='word_1_215' title='bbox 1642 3617 1875 3712; x_wconf 90' lang='lat' dir='ltr'>magis</span> <span class='ocrx_word' id='word_1_216' title='bbox 1923 3617 2399 3691; x_wconf 91' lang='lat' dir='ltr'>accommoda</span> <span class='ocrx_word' id='word_1_217' title='bbox 2431 3604 2503 3708; x_wconf 74' lang='lat'>(⁴)</span> <span class='ocrx_word' id='word_1_218' title='bbox 2561 3617 2722 3691; x_wconf 86' lang='lat' dir='ltr'>fidei</span> <span class='ocrx_word' id='word_1_219' title='bbox 2761 3618 3190 3691; x_wconf 80' lang='lat' dir='ltr'>christianae.</span> 
     </span>
     <span class='ocr_line' id='line_1_28' title="bbox 847 3737 3194 3831; baseline 0.001 -21"><span class='ocrx_word' id='word_1_220' title='bbox 847 3738 935 3810; x_wconf 89' lang='lat' dir='ltr'>Et</span> <span class='ocrx_word' id='word_1_221' title='bbox 986 3737 1342 3810; x_wconf 90' lang='lat' dir='ltr'>Calcidius</span> <span class='ocrx_word' id='word_1_222' title='bbox 1376 3744 1911 3811; x_wconf 89' lang='lat' dir='ltr'>commentator</span> <span class='ocrx_word' id='word_1_223' title='bbox 1946 3738 2262 3811; x_wconf 90' lang='lat' dir='ltr'>Platonis</span> <span class='ocrx_word' id='word_1_224' title='bbox 2307 3738 2474 3812; x_wconf 91' lang='lat' dir='ltr'>dicit</span> <span class='ocrx_word' id='word_1_225' title='bbox 2527 3737 2723 3831; x_wconf 90' lang='lat' dir='ltr'>quod</span> <span class='ocrx_word' id='word_1_226' title='bbox 2774 3739 3194 3814; x_wconf 89' lang='lat' dir='ltr'>Aristoteles</span> 
     </span>
     <span class='ocr_line' id='line_1_29' title="bbox 848 3857 3192 3953; baseline 0.001 -23"><span class='ocrx_word' id='word_1_227' title='bbox 848 3878 983 3931; x_wconf 92' lang='lat' dir='ltr'>suo</span> <span class='ocrx_word' id='word_1_228' title='bbox 1019 3858 1339 3951; x_wconf 91' lang='lat' dir='ltr'>quodam</span> <span class='ocrx_word' id='word_1_229' title='bbox 1384 3877 1593 3930; x_wconf 91' lang='lat' dir='ltr'>more</span> <span class='ocrx_word' id='word_1_230' title='bbox 1627 3857 1815 3949; x_wconf 90' lang='lat' dir='ltr'>pleni</span> <span class='ocrx_word' id='word_1_231' title='bbox 1860 3857 2308 3950; x_wconf 84' lang='lat' dir='ltr'>perfectique</span> <span class='ocrx_word' id='word_1_232' title='bbox 2342 3857 2699 3953; x_wconf 88' lang='lat' dir='ltr'>dogmatis</span> <span class='ocrx_word' id='word_1_233' title='bbox 2736 3858 2967 3933; x_wconf 93' lang='lat' dir='ltr'>electo</span> <span class='ocrx_word' id='word_1_234' title='bbox 2996 3859 3192 3952; x_wconf 91' lang='lat' dir='ltr'>quod</span> 
     </span>
     <span class='ocr_line' id='line_1_30' title="bbox 849 3976 3195 4074; baseline 0.001 -23"><span class='ocrx_word' id='word_1_235' title='bbox 849 3978 1087 4051; x_wconf 85' lang='lat' dir='ltr'>visum</span> <span class='ocrx_word' id='word_1_236' title='bbox 1123 3978 1235 4070; x_wconf 93' lang='lat' dir='ltr'>sit,</span> <span class='ocrx_word' id='word_1_237' title='bbox 1271 3985 1538 4051; x_wconf 74' lang='lat' dir='ltr'>caetera</span> <span class='ocrx_word' id='word_1_238' title='bbox 1581 3976 1943 4050; x_wconf 81' lang='lat' dir='ltr'>fastidiosa</span> <span class='ocrx_word' id='word_1_239' title='bbox 1981 3977 2260 4050; x_wconf 90' lang='lat' dir='ltr'>incuria</span> <span class='ocrx_word' id='word_1_240' title='bbox 2299 3979 2616 4074; x_wconf 88' lang='lat' dir='ltr'>negligit.</span> <span class='ocrx_word' id='word_1_241' title='bbox 2666 3979 3007 4055; x_wconf 89' lang='lat' dir='ltr'>Similiter</span> <span class='ocrx_word' id='word_1_242' title='bbox 3043 3981 3195 4053; x_wconf 91' lang='lat' dir='ltr'>Ma-</span> 
     </span>
     <span class='ocr_line' id='line_1_31' title="bbox 846 4097 3195 4191; baseline 0.001 -20"><span class='ocrx_word' id='word_1_243' title='bbox 846 4099 1141 4172; x_wconf 90' lang='lat' dir='ltr'>crobius</span> <span class='ocrx_word' id='word_1_244' title='bbox 1168 4104 1704 4172; x_wconf 81' lang='lat' dir='ltr'>commentator</span> <span class='ocrx_word' id='word_1_245' title='bbox 1724 4097 1933 4169; x_wconf 89' lang='lat' dir='ltr'>Tullii</span> <span class='ocrx_word' id='word_1_246' title='bbox 1962 4098 2123 4191; x_wconf 91' lang='lat' dir='ltr'>plus</span> <span class='ocrx_word' id='word_1_247' title='bbox 2151 4098 2616 4173; x_wconf 90' lang='lat' dir='ltr'>commendat</span> <span class='ocrx_word' id='word_1_248' title='bbox 2636 4099 3034 4173; x_wconf 89' lang='lat' dir='ltr'>Platonem.</span> <span class='ocrx_word' id='word_1_249' title='bbox 3053 4098 3195 4173; x_wconf 89' lang='lat' dir='ltr'>Sed</span> 
     </span>
     <span class='ocr_line' id='line_1_32' title="bbox 847 4217 3193 4311; baseline 0.002 -22"><span class='ocrx_word' id='word_1_250' title='bbox 847 4224 1048 4291; x_wconf 87' lang='lat' dir='ltr'>certe</span> <span class='ocrx_word' id='word_1_251' title='bbox 1086 4239 1229 4292; x_wconf 90' lang='lat' dir='ltr'>non</span> <span class='ocrx_word' id='word_1_252' title='bbox 1267 4218 1475 4291; x_wconf 90' lang='lat' dir='ltr'>video</span> <span class='ocrx_word' id='word_1_253' title='bbox 1512 4238 1745 4311; x_wconf 88' lang='lat' dir='ltr'>quare</span> <span class='ocrx_word' id='word_1_254' title='bbox 1786 4217 1949 4290; x_wconf 88' lang='lat' dir='ltr'>libri</span> <span class='ocrx_word' id='word_1_255' title='bbox 2001 4218 2317 4291; x_wconf 85' lang='lat' dir='ltr'>Platonis</span> <span class='ocrx_word' id='word_1_256' title='bbox 2354 4240 2500 4292; x_wconf 90' lang='lat' dir='ltr'>non</span> <span class='ocrx_word' id='word_1_257' title='bbox 2536 4226 2707 4292; x_wconf 92' lang='lat' dir='ltr'>sunt</span> <span class='ocrx_word' id='word_1_258' title='bbox 2733 4219 2832 4292; x_wconf 88' lang='lat' dir='ltr'>ita</span> <span class='ocrx_word' id='word_1_259' title='bbox 2871 4220 3193 4293; x_wconf 87' lang='lat' dir='ltr'>translati</span> 
     </span>
     <span class='ocr_line' id='line_1_33' title="bbox 847 4337 3192 4434; baseline 0.001 -24"><span class='ocrx_word' id='word_1_260' title='bbox 847 4337 938 4410; x_wconf 91' lang='lat' dir='ltr'>ad</span> <span class='ocrx_word' id='word_1_261' title='bbox 993 4358 1147 4431; x_wconf 79' lang='lat' dir='ltr'>nOS,</span> <span class='ocrx_word' id='word_1_262' title='bbox 1185 4359 1328 4412; x_wconf 93' lang='lat' dir='ltr'>non</span> <span class='ocrx_word' id='word_1_263' title='bbox 1382 4339 1753 4433; x_wconf 88' lang='lat' dir='ltr'>leguntur,</span> <span class='ocrx_word' id='word_1_264' title='bbox 1810 4359 1956 4410; x_wconf 92' lang='lat' dir='ltr'>non</span> <span class='ocrx_word' id='word_1_265' title='bbox 1995 4338 2431 4434; x_wconf 89' lang='lat' dir='ltr'>allegantur,</span> <span class='ocrx_word' id='word_1_266' title='bbox 2471 4361 2638 4413; x_wconf 94' lang='lat' dir='ltr'>cum</span> <span class='ocrx_word' id='word_1_267' title='bbox 2685 4346 2931 4413; x_wconf 91' lang='lat' dir='ltr'>tamen</span> <span class='ocrx_word' id='word_1_268' title='bbox 2985 4340 3192 4413; x_wconf 91' lang='lat' dir='ltr'>multi</span> 
     </span>
    </p>
   </div>
   <div class='ocr_carea' id='block_1_3' title="bbox 973 4523 3036 4666">
    <p class='ocr_par' dir='ltr' id='par_1_3' title="bbox 973 4523 3036 4666">
     <span class='ocr_line' id='line_1_34' title="bbox 973 4523 2738 4588; baseline 0.003 -17"><span class='ocrx_word' id='word_1_269' title='bbox 973 4523 1027 4585; x_wconf 87' lang='lat'>(¹)</span> <span class='ocrx_word' id='word_1_270' title='bbox 1060 4523 1121 4572; x_wconf 89' lang='lat' dir='ltr'>E.</span> <span class='ocrx_word' id='word_1_271' title='bbox 1153 4524 1273 4586; x_wconf 81' lang='lat' dir='ltr'>quia</span> <span class='ocrx_word' id='word_1_272' title='bbox 1306 4539 1410 4574; x_wconf 92' lang='lat' dir='ltr'>non</span> <span class='ocrx_word' id='word_1_273' title='bbox 1442 4525 1811 4574; x_wconf 81' lang='lat' dir='ltr'>intellexerunt</span> <span class='ocrx_word' id='word_1_274' title='bbox 1841 4526 2175 4576; x_wconf 82' lang='lat' dir='ltr'>creationem.</span> <span class='ocrx_word' id='word_1_275' title='bbox 2303 4526 2357 4588; x_wconf 80' lang='lat'>(⁸)</span> <span class='ocrx_word' id='word_1_276' title='bbox 2393 4531 2501 4586; x_wconf 84' lang='lat'>117,</span> <span class='ocrx_word' id='word_1_277' title='bbox 2535 4528 2588 4577; x_wconf 88' lang='lat' dir='ltr'>in</span> <span class='ocrx_word' id='word_1_278' title='bbox 2620 4527 2738 4576; x_wconf 82' lang='lat' dir='ltr'>inis.</span> 
     </span>
     <span class='ocr_line' id='line_1_35' title="bbox 974 4598 3036 4666; baseline 0.002 -18"><span class='ocrx_word' id='word_1_279' title='bbox 974 4598 1027 4664; x_wconf 75' lang='lat'>(‘)</span> <span class='ocrx_word' id='word_1_280' title='bbox 1061 4599 1122 4649; x_wconf 88' lang='lat' dir='ltr'>E.</span> <span class='ocrx_word' id='word_1_281' title='bbox 1156 4605 1211 4649; x_wconf 86' lang='lat' dir='ltr'>et</span> <span class='ocrx_word' id='word_1_282' title='bbox 1241 4600 1458 4651; x_wconf 81' lang='lat' dir='ltr'>virtutes</span> <span class='ocrx_word' id='word_1_283' title='bbox 1491 4600 1727 4652; x_wconf 70' lang='lat' dir='ltr'>latentes».</span> <span class='ocrx_word' id='word_1_284' title='bbox 2302 4601 2355 4666; x_wconf 79' lang='lat'>(⁸)</span> <span class='ocrx_word' id='word_1_285' title='bbox 2387 4602 2439 4652; x_wconf 90' lang='lat' dir='ltr'>S.</span> <span class='ocrx_word' id='word_1_286' title='bbox 2472 4616 2502 4652; x_wconf 83' lang='lat' dir='ltr'>e</span> <span class='ocrx_word' id='word_1_287' title='bbox 2536 4603 2597 4652; x_wconf 85' lang='lat' dir='ltr'>E.</span> <span class='ocrx_word' id='word_1_288' title='bbox 2633 4602 3036 4653; x_wconf 75' lang='lat' dir='ltr'>accommodata.</span> 
     </span>
    </p>
   </div>
  </div>
 </body>
</html>
