3704 5559
876 490 1016 558 320
1594 503 2001 556 commu
2051 502 2488 555 puncnonn

875 668 1042 719 rum
1095 645 1633 741 purgatorium,
1686 666 1759 718 se
1810 646 2043 717 buona
2093 648 2422 735 orazion,
2473 645 2779 719 alicuius
2830 646 2965 719 viri
3007 647 3210 741 Justi‚

871 788 1015 839 non
1066 771 1212 839 aila
1262 769 1383 856 lui,
1437 766 1892 861 impetrando
1943 766 2257 861 gratiam
2304 765 2500 860 apud
2535 766 2799 859 Deum,
2835 766 3022 840 sicut
3073 788 3212 840 au-

871 886 1024 959 dies
1074 887 1260 960 infra
1312 886 1405 959 de
1454 887 1596 959 alio
1647 885 1901 980 spiritu
1957 885 2264 977 senensi,
2319 885 2447 979 qui
2500 885 2633 957 fuit
2693 886 2984 958 adiutus
3047 907 3212 979 pre-

871 1008 1077 1082 cibus
1129 1007 1354 1082 sancti
1408 1006 1568 1098 viri,
1612 1009 1856 1098 prima
1895 1008 2014 1078 che
2049 1009 2251 1098 passi
2285 1012 2535 1096 tempo,
2571 1006 2861 1099 scilicet,
2899 1012 3206 1099 tantum,

873 1135 1133 1218 quanto
1184 1129 1384 1216 visse,
1439 1125 1727 1218 scilicet,
1771 1126 1844 1198 in
1897 1131 2195 1219 peccato
2235 1125 2389 1198 sine
2432 1125 2877 1219 poenitentia‚
2912 1146 3104 1197 come
3129 1129 3212 1218 su

874 1252 946 1321 la
997 1254 1245 1320 venula
1295 1248 1558 1335 laryita
1610 1267 1658 1317 a
1707 1249 1827 1334 lui,
1883 1245 2084 1337 idest,
2139 1246 2453 1337 qualiter
2494 1265 2675 1340 ergo
2719 1245 2850 1317 fuit
2900 1244 3211 1319 donatus

872 1372 947 1441 ct
1007 1386 1394 1440 concessus
1445 1365 1578 1438 sibi
1629 1385 1965 1438 accessus
2016 1363 2107 1437 ad
2169 1364 2731 1459 purgatorium?
2757 1404 2855 1417 —
2888 1367 3202 1452 Quando,

872 1488 1000 1561 Hic
1036 1492 1248 1580 poeta
1285 1485 1481 1579 ponit
1514 1485 2054 1578 responsionem
2084 1484 2384 1557 Odorisii
2414 1484 2505 1557 ad
2539 1485 2926 1577 quaesitum
2964 1505 3210 1578 suum,

872 1607 994 1699 qui
1061 1606 1381 1679 breviter
1442 1603 1827 1698 respondet
1889 1603 2085 1696 quod
2156 1604 2655 1677 Provinzanus
2718 1603 3213 1697 promeruerit

873 1726 1080 1799 istam
1151 1725 1461 1821 gratiam
1527 1746 1571 1798 a
1639 1725 1792 1798 Deo
1860 1730 2157 1818 propter
2227 1744 2412 1818 opus
2475 1724 2701 1817 pium,
2765 1725 2964 1817 quod
3036 1745 3211 1798 cum

872 1866 1166 1919 summa
1217 1844 1624 1917 humilitate
1675 1850 1748 1917 et
1798 1842 2244 1938 benignitate
2307 1843 2470 1916 fecit
2533 1863 2667 1936 pro
2734 1843 2972 1916 amico
3002 1836 3075 1934 (¹)
3138 1843 3210 1915 in

873 1985 1217 2059 suprema
1272 1964 1717 2037 necessitate.
1773 1962 1880 2035 Ad
1932 1962 2143 2035 cuius
2199 1962 2302 2035 rei
2347 1962 2891 2056 intelligentiam
2935 1963 3207 2036 claram

874 2085 1041 2157 volo
1111 2089 1183 2156 te
1257 2083 1465 2174 scire,
1536 2081 1731 2174 quod
1796 2101 1968 2154 cum
2036 2081 2330 2173 quidam
2401 2081 2682 2154 amicus
2758 2080 3208 2173 Provinzani‚

874 2209 1129 2297 captus
1180 2202 1252 2273 in
1304 2201 1641 2275 conflictu
1695 2201 2104 2293 Conradini‚
2142 2201 2593 2275 detineretur
2629 2201 2700 2273 in
2736 2221 3041 2275 carcere
3074 2201 3212 2275 Ca-

876 2323 1008 2396 roli
1060 2322 1376 2413 victoriS‚
1428 2320 1881 2394 adiudicatus
1943 2321 2182 2413 morti,
2239 2322 2368 2394 nisi
2434 2322 2618 2393 infra
2684 2327 2969 2394 certum
3040 2321 3212 2395 bre-

874 2464 1041 2517 vem
1075 2434 1148 2534 (²)
1201 2441 1597 2515 terminum
1651 2440 1977 2514 solvisset
2028 2441 2282 2515 decem
2336 2442 2557 2514 millia
2591 2461 3024 2532 aureorum,
3059 2440 3212 2535 ipse

874 2563 1367 2636 Provinzanus
1419 2560 1754 2654 exposuit
1804 2581 1883 2634 se
1934 2560 2025 2633 ad
2079 2560 2639 2635 mendicandum
2685 2560 3032 2654 suffragia
3077 2579 3209 2654 pro

875 2682 1370 2776 redemptione
1434 2681 1669 2754 amici.
1737 2682 1920 2753 Nam
1993 2681 2221 2774 posito
2292 2681 2526 2754 banco
2592 2702 2764 2754 cum
2830 2687 3072 2775 tapeto
3137 2679 3209 2752 in

873 2804 1107 2897 platea
1166 2802 1493 2892 civitatis,
1555 2802 1771 2895 coepit
1831 2802 2202 2875 humiliter
2265 2822 2534 2897 rogare
2597 2820 3212 2895 unumquemque

876 2928 954 2995 ut
1005 2923 1367 2996 conterret
1421 2922 1898 3015 redemptioni
1954 2923 2194 3014 istius3
2249 2927 2320 2995 et
2371 2923 2473 2996 sic
2523 2923 2595 2994 in
2650 2922 2854 2996 brevi
2906 2923 3207 2996 collecta

871 3043 1177 3135 pecunia
1230 3041 1637 3115 necessaria
1706 3041 2036 3115 liberavit
2096 3041 2441 3115 amicum.
2507 3040 2611 3113 Ad
2664 3042 2947 3114 literam
3004 3061 3209 3137 erg0‚

869 3161 1037 3234 dicit
1089 3166 1336 3253 poeta:
1375 3160 1499 3233 me
1550 3160 1944 3252 odorisius,
1983 3164 2204 3232 disse.-
2257 3161 2754 3234 Provinzanus
2797 3137 3209 3254 praedictus,

871 3281 1306 3351 liberamento
1355 3282 1684 3368 s'affisse,
1735 3279 1941 3371 idest,
1996 3280 2313 3353 firmavit
2364 3287 2437 3354 et
2488 3280 2867 3354 collocavit
2931 3301 3033 3375 se,
3101 3283 3216 3353 nel

870 3419 1116 3488 campo
1167 3401 1242 3470 di
1304 3400 1537 3486 Siena,
1603 3397 1803 3488 idest,
1871 3398 1943 3470 in
2007 3400 2244 3492 platea
2307 3400 2692 3493 Senarum‚
2757 3422 2924 3494 quae
2985 3402 3211 3496 vulgo
3351 3459 3357 3464 .

870 3517 1274 3610 appellatur
1309 3516 1401 3588 ibi
1440 3516 1802 3610 Campus:
1857 3523 1931 3591 et
1981 3525 2090 3592 est
2125 3519 2652 3612 pulcerrimum
2694 3520 2960 3614 forum,
3000 3522 3211 3614 quasi

869 3637 1251 3729 circulare,
1312 3636 1913 3710 circumcinctum
1971 3639 2252 3733 magnis
2306 3639 2602 3732 palatiis,
2642 3644 2715 3712 et
2762 3640 2834 3712 in
2871 3640 3029 3714 eius
3062 3639 3210 3713 cir-

869 3757 1069 3831 cuitu
1142 3756 1372 3829 solent
1440 3756 1918 3831 deambulare
1980 3758 2254 3831 nobiles
2319 3765 2390 3831 et
2452 3759 2914 3832 honorabiles
2990 3759 3208 3853 cives,

868 3877 940 3949 in
1000 3875 1242 3949 medio
1302 3895 1480 3948 vero
1559 3876 2033 3970 negotiantes,
2098 3876 2266 3949 Ideo
2333 3879 2831 3951 Provinzanus
2900 3878 3209 3952 habilius

869 3998 1032 4071 fecit
1081 3997 1294 4070 istam
1348 3996 1939 4089 procurationem
1996 3996 2322 4090 pecuniae
2368 3996 2511 4089 ibi3
2555 4004 2628 4071 et
2666 3997 2875 4070 dicit:
2927 3999 3211 4089 quando

867 4121 1065 4190 vivea
1105 4113 1229 4210 pite
1278 4120 1616 4206 ylorioso,
1652 4116 1857 4210 idest,
1902 4117 1974 4188 in
2024 4116 2140 4189 illa
2191 4116 2505 4211 gloriosa
2559 4117 2874 4209 civitate,
2922 4120 3209 4209 deposta

866 4239 1034 4326 oqui
1083 4256 1470 4326 veryoqna,
1522 4237 1694 4329 quia
1749 4235 2193 4309 verecundia
2250 4256 2515 4331 magna
2569 4236 2855 4309 videtur
2906 4234 3208 4329 quando

866 4354 1207 4427 dominus
1273 4359 1482 4449 rogat
1531 4375 1855 4445 servum,
1911 4347 2093 4446 ut(³)
2162 4354 2400 4427 minor
2470 4355 2847 4429 maiorem.
2904 4356 2990 4427 Et
3046 4361 3209 4427 tan-

991 4539 1044 4600 (¹)
1082 4544 1187 4597 11⁷,
1225 4553 1320 4600 pro
1353 4539 1518 4588 amico
1553 4541 1602 4588 in
1639 4554 1841 4589 summa
1880 4541 2195 4591 necessitate.

990 4613 1046 4676 (‘)
1081 4616 1142 4665 E.
1177 4615 1329 4666 breve
1362 4621 1566 4678 tempus
1599 4616 1845 4667 solvisset.
2212 4618 2264 4680 (⁸)
2300 4619 2358 4668 E.
2392 4620 2526 4670 sicut
2559 4620 2731 4671 minor
2762 4619 3030 4674 maiorem,
