3704 5559
1206 484 1480 539 CANTUS
1531 487 1849 541 DECIMUS
1900 487 2189 540 sExTus.
2724 476 2863 543 443

521 640 773 729 postea
824 632 898 705 in
952 630 1391 725 quibusdam
1445 630 1848 705 Othonibus
1901 631 2296 727 germanis,
2352 638 2425 705 et
2475 633 2677 727 papis
2744 655 2868 708 ro-

519 752 773 827 manis,
828 752 999 824 Ideo
1050 751 1241 825 bene
1301 751 1747 825 Justinianus
1809 751 2208 847 imperator
2268 751 2402 825 ait:
2462 754 2722 848 Magna
2793 754 2866 826 in

520 872 936 946 hominibus
989 876 1159 944 sunt
1208 869 1399 944 dona
1451 871 1580 944 Dei
1631 893 1675 944 a
1736 891 2054 966 superna
2121 872 2381 946 collata
2449 873 2862 967 clementia,

519 991 1009 1066 sacerdotium
1045 996 1120 1063 et
1154 989 1570 1084 imperium.
1600 991 1779 1064 Illud
1809 990 2108 1085 quidem
2136 991 2392 1066 divinis
2419 994 2862 1086 ministrans,

525 1113 665 1185 boc
716 1118 967 1185 autem
1023 1111 1364 1184 humanis
1414 1111 1830 1206 praesidenS,
1874 1132 1966 1185 ex
2018 1132 2171 1186 uno
2214 1111 2625 1206 eodemque
2665 1115 2865 1208 prin-

520 1233 707 1327 cipio
761 1238 1077 1325 utraque
1127 1232 1520 1305 manantia.
1576 1232 1663 1304 Et
1724 1232 1990 1325 subdit,
2044 1233 2241 1326 quod
2307 1254 2503 1307 nunc
2568 1242 2863 1309 contra-

520 1354 713 1426 rium
783 1351 1043 1427 accidit
1110 1352 1503 1446 cupiditate
1568 1360 1642 1426 et
1708 1352 2108 1426 ambitione
2176 1354 2505 1448 pastoriS,
2574 1355 2860 1428 dicens:

518 1477 560 1546 τ’
587 1494 684 1545 un
743 1476 787 1545 ι’
816 1475 1001 1545 altro
1067 1476 1158 1545 Ιια
1230 1480 1494 1564 spemn,
1557 1473 1847 1565 scilicet,
1915 1494 2101 1568 papa
2178 1475 2724 1569 imperatorem,
2790 1482 2863 1549 et

517 1595 914 1688 imperator
965 1614 1253 1689 papam,
1290 1593 1476 1666 sicut
1511 1593 1744 1686 patuit
1794 1594 1868 1665 in
1918 1594 2286 1668 Friderico
2322 1595 2380 1667 Il
2434 1596 2560 1689 qui
2613 1595 2858 1669 omnia

519 1714 917 1809 spiritualia
969 1714 1347 1810 tyrannice
1399 1714 1804 1807 usurpavit,
1856 1720 1931 1788 et
1980 1714 2334 1810 Gregorio
2385 1716 2484 1788 IX
2546 1716 2674 1807 qui
2735 1736 2863 1789 oc-

519 1833 812 1928 cupavit
863 1854 1180 1929 regnum
1234 1833 1577 1908 Friderici
1632 1854 1722 1907 eo
1750 1828 1823 1925 (¹)
1879 1835 2202 1928 absente,
2241 1840 2322 1906 ut
2372 1835 2611 1910 statim
2667 1834 2864 1909 dice-

517 1960 661 2027 tur.
733 1955 978 2028 Potest
1036 1961 1285 2028 tamen
1354 1954 1648 2049 intelligi
1711 1954 2080 2049 praecipue
2142 1956 2234 2029 de
2284 1956 2673 2049 Bonifacio,
2730 1956 2854 2048 qui

518 2074 740 2148 cinxit
791 2074 920 2146 sibi
972 2094 1247 2168 ensem,
1305 2081 1387 2146 ut
1436 2075 1668 2169 patuit
1724 2095 1945 2169 supra
1998 2075 2313 2170 capitulo
2367 2075 2475 2147 VI.
2531 2075 2698 2149 Ideo
2750 2075 2860 2147 di-

518 2193 652 2267 cit:
707 2202 773 2265 et
818 2188 861 2266 e*
900 2198 1143 2284 yiunta
1194 2198 1266 2267 la
1314 2198 1571 2286 spada,
1624 2195 1826 2288 idest,
1881 2201 2198 2289 potestas
2257 2195 2699 2289 temporalis,
2752 2197 2865 2268 eol

510 2315 900 2404 pastorale,
952 2314 1155 2407 idest,
1207 2335 1379 2387 cum
1433 2320 1791 2409 potestate
1841 2313 2217 2408 spirituali,
2272 2334 2439 2407 quae
2491 2315 2859 2410 figuratur

517 2454 648 2528 per
700 2433 981 2529 virgam
1036 2435 1500 2528 pastoralem.
1555 2435 1708 2508 Hoc
1761 2433 1954 2508 idem
1994 2433 2167 2506 vidit
2201 2433 2354 2527 ipse
2386 2441 2602 2527 poeta
2639 2435 2856 2527 paulo

515 2558 676 2647 post
742 2554 814 2625 in
876 2554 1251 2627 Clemente
1303 2555 1361 2627 V
1424 2560 1679 2627 contra
1740 2552 2138 2626 Henricum
2192 2553 2307 2645 VI,
2369 2572 2541 2625 cum
2610 2559 2859 2627 tamen

516 2672 699 2745 duos
748 2673 1022 2767 gladios
1082 2674 1425 2747 sufficere
1486 2672 1792 2767 imperio
1858 2673 2249 2745 christiano
2309 2671 2680 2767 Evangelii
2749 2680 2859 2746 te-

518 2797 749 2865 stetur
797 2794 1215 2868 auctoritas,
1269 2795 1441 2868 Ideo
1492 2793 1698 2867 dicit:
1744 2815 1781 2866 e
1830 2795 1996 2865 l'un
2045 2814 2083 2864 e
2128 2795 2170 2865 ἴ
2193 2794 2379 2865 altro
2419 2795 2725 2883 insieme,
2764 2793 2861 2865 si-

525 2913 680 2984 mul
732 2914 1055 3008 confusa,
1102 2936 1234 3006 per
1284 2918 1446 2987 viva
1491 2919 1709 3007 sorza
1759 2915 1908 2985 mal
1943 2915 2230 2985 convien
2270 2914 2388 2984 clze
2431 2915 2645 3002 vada,
2681 2913 2852 3006 quia

521 3053 669 3107 non
719 3041 954 3128 potest
1004 3056 1198 3108 unus
1249 3044 1398 3110 tam
1453 3034 1739 3108 diversa
1793 3033 2031 3106 officia
2097 3033 2285 3107 bene
2344 3053 2717 3107 exercere.
2771 3035 2860 3106 Et

517 3153 836 3249 assignat
887 3175 1211 3248 causam,
1281 3155 1566 3229 dicens:
1614 3146 1790 3246 perd
1848 3157 1969 3226 che
2027 3156 2273 3244 munti,
2324 3153 2615 3245 scilicet,
2668 3155 2858 3228 ensis

515 3280 590 3346 et
639 3274 1018 3368 pastoralis
1071 3274 1303 3369 virga,
1356 3277 1400 3347 l'
1427 3295 1522 3346 zm
1573 3277 1615 3347 ἴ
1643 3277 1830 3347 altro
1880 3294 2024 3346 non
2073 3280 2267 3364 teme,
2321 3293 2456 3347 nec
2509 3293 2859 3348 reveren-

520 3401 659 3467 tur.
712 3394 920 3482 Quod
972 3395 1234 3490 probat
1300 3415 1431 3488 per
1492 3395 1916 3488 exemplum
1987 3393 2078 3467 de
2146 3395 2506 3488 proxim0,
2569 3393 2855 3467 dicens:

510 3535 586 3586 se
633 3535 777 3586 non
828 3518 923 3587 mi
971 3516 1191 3604 credi,
1243 3514 1415 3607 quia
1469 3512 1721 3587 videar
1785 3514 1908 3586 tibi
1976 3515 2196 3586 homo
2260 3513 2578 3606 curialiS,
2630 3534 2860 3587 novo-

516 3656 684 3707 rum
735 3635 968 3728 fictor,
1013 3655 1163 3726 pon
1212 3642 1431 3707 mente
1480 3656 1527 3706 a
1578 3637 1650 3706 la
1683 3638 1913 3726 spiya,
1964 3633 2170 3726 idest,
2224 3634 2501 3727 respice
2542 3633 2633 3706 ad
2677 3632 2856 3706 effe-

514 3761 742 3847 ctum,
795 3758 1089 3845 ck'oqni
1136 3756 1309 3827 erba
1354 3758 1418 3827 si
1466 3775 1753 3827 conosee
1794 3775 1930 3845 per
1973 3757 2041 3826 lo
2082 3773 2283 3825 seme.
2322 3754 2502 3825 Nam
2557 3758 2855 3846 propter

514 3874 948 3948 discordiam
1000 3894 1169 3968 quae
1219 3874 1354 3947 suit
1403 3874 1593 3948 inter
1643 3895 1904 3969 papam
1942 3879 2015 3947 et
2049 3871 2499 3946 Fridericum
2535 3872 2596 3942 II
2641 3872 2860 3944 Lom-

513 3994 788 4088 bardia,
840 3995 970 4069 flos
1019 3995 1264 4087 Italiae,
1320 3994 1455 4067 suit
1505 3995 1712 4088 quasi
1764 3994 2159 4067 destructa.

662 4118 746 4186 In
793 4118 906 4188 sul
944 4136 1174 4207 paese.
1213 4115 1354 4189 Ista
1397 4120 1506 4188 est
1547 4121 1812 4208 quarta
1856 4119 1929 4187 et
1972 4113 2226 4186 ultima
2269 4132 2438 4206 pars
2472 4111 2691 4184 huius
2728 4131 2858 4184 no-

512 4234 671 4309 bilis
699 4235 1012 4330 capituli,
1041 4235 1115 4308 in
1153 4256 1299 4329 qua
1335 4234 1452 4309 bic
1488 4234 1741 4309 nobilis
1767 4235 2056 4308 Marcus
2080 4233 2173 4308 ad
2201 4232 2639 4308 dilatandam
2669 4233 2857 4305 hanc

518 4356 897 4432 materiam
927 4347 1029 4449 (²),
1084 4377 1216 4451 pro
1268 4355 1822 4429 confirmatione
1866 4355 2036 4429 dicti
2072 4355 2188 4429 sui
2222 4354 2562 4429 describit
2616 4359 2863 4426 muta-

636 4603 690 4666 (‘)
727 4607 835 4663 117,
868 4603 980 4666 ipso
1012 4603 1236 4655 absente.
1609 4604 1665 4666 (¹)
1700 4609 1806 4662 11⁷,
1840 4605 2085 4655 subtilem
2119 4605 2409 4654 materiam.
