3704 5559
1157 519 1436 573 cAN‘rus
1488 520 1803 573 nEcnuus
1855 520 2239 575 SECUNDUS.
2731 510 2872 577 339

533 665 764 740 ridem
839 665 1014 739 vidit
1076 665 1472 758 superbam
1536 664 1902 739 civitatem
1975 664 2152 739 Ilion
2229 686 2361 760 per
2434 666 2878 741 decennium

528 786 622 859 ab
689 785 1018 860 hostibus
1085 784 1420 878 obsideri,
1473 786 1863 859 Hectorem
1927 786 2284 880 optimum
2351 786 2597 861 virum
2650 789 2877 862 troia-

531 926 796 980 norum
850 906 944 979 ab
994 904 1269 979 Achille
1320 905 1616 999 raptari,
1655 911 1729 978 et
1763 905 2088 980 Troilum
2127 907 2441 981 alterum
2482 909 2873 982 Hectorem

532 1025 858 1099 eiusdem
913 1047 1140 1099 manu
1193 1032 1694 1120 peremptum:
1748 1031 1822 1099 et
1883 1031 2043 1119 post
2102 1025 2378 1100 Paridis
2430 1033 2503 1100 et
2561 1028 2875 1101 aliorum

535 1165 791 1220 necem
844 1145 1154 1241 patriam
1209 1154 1497 1249 captam
1551 1146 1728 1220 vidit
1775 1145 2157 1220 ardentem
2194 1146 2370 1220 viris
2420 1156 2494 1223 et
2546 1147 2878 1222 mulieri-

534 1264 675 1337 bus
725 1265 1144 1359 captivatis3
1199 1271 1272 1338 et
1322 1264 1474 1360 ipse
1526 1265 1818 1339 tandem
1873 1285 2084 1340 more
2135 1265 2451 1339 victimae
2514 1273 2878 1341 mactatus

532 1382 623 1456 ad
675 1405 881 1458 aram
935 1404 1158 1459 senex
1211 1384 1456 1459 infelix
1509 1386 1903 1479 superbam
1955 1384 2278 1458 animam
2332 1407 2556 1459 manu
2610 1386 2877 1482 Pyrrhi

533 1502 803 1576 misere
871 1503 1163 1578 efflavit.
1233 1503 1342 1577 Ad
1405 1504 1692 1578 literam
1745 1523 1949 1599 ergo,
2020 1509 2235 1598 poeta
2302 1504 2529 1599 tangit
2581 1505 2873 1579 ruinam

536 1621 740 1716 regni
809 1627 881 1695 et
941 1622 1208 1718 regalis
1268 1622 1574 1696 civitatis
1641 1622 1937 1715 Priami,
1999 1627 2084 1695 ut
2148 1642 2280 1717 per
2345 1624 2480 1697 hoc
2544 1623 2878 1698 ostendat

535 1739 890 1814 maiorem
943 1741 1436 1816 infelicitatem
1491 1741 1783 1836 Priami,
1840 1742 2011 1835 quia
2073 1762 2199 1815 rex
2255 1742 2474 1815 simul
2528 1762 2700 1815 cum
2754 1762 2879 1816 re-

535 1880 683 1954 gno
734 1861 1011 1934 cecidit.
1065 1862 1248 1937 Dicit
1301 1883 1526 1959 ergo:
1596 1864 1861 1935 Vedeva
1920 1864 2161 1952 Troia,
2215 1861 2607 1957 figuratam
2645 1862 2718 1935 in
2755 1862 2878 1937 illo

533 1980 973 2076 pavimento,
1024 1986 1100 2054 in
1149 2003 1391 2055 venere
1442 2005 1480 2055 e
1526 1986 1601 2055 in
1650 2003 1974 2074 caverna,
2042 1988 2338 2077 propter
2403 1983 2671 2055 multas
2726 1988 2882 2057 ter-

540 2120 659 2173 ras
710 2120 1026 2174 eversaS.
1089 2103 1177 2175 Et
1234 2104 1704 2198 apostropbat
1762 2102 1855 2176 ad
1923 2101 2290 2176 civitatem
2343 2103 2590 2176 sedem
2646 2101 2877 2197 regni,

537 2217 784 2292 dicens
834 2240 1007 2294 cum
1059 2220 1575 2295 admiratione:
1639 2208 1708 2295 O>
1749 2225 1957 2313 Ilion,
2026 2222 2257 2295 altum
2319 2227 2392 2294 et
2450 2222 2878 2315 superbum,

536 2358 728 2410 come
788 2342 845 2411 il
896 2360 1110 2430 scyno
1160 2342 1281 2412 che
1330 2332 1379 2413 li
1426 2344 1491 2413 si
1537 2344 1876 2433 discerne,
1928 2342 2131 2435 idest,
2185 2340 2425 2437 figura
2489 2361 2657 2435 quae
2714 2362 2881 2416 cer-

538 2456 737 2530 nitur
788 2457 886 2531 ibi
939 2458 1012 2531 in
1064 2458 1204 2553 via,
1258 2467 1620 2533 mostrava
1669 2469 1730 2534 te
1778 2462 1985 2534 basso
2035 2483 2074 2534 e
2123 2464 2293 2534 vile!
2357 2462 2447 2537 Et
2506 2460 2622 2535 hic
2682 2466 2877 2553 nota,

535 2576 783 2671 lector,
846 2579 1042 2671 quod
1103 2579 1280 2653 Ilion
1331 2579 1466 2653 fuit
1518 2580 1768 2654 civitas
1819 2580 2054 2655 Troiae
2117 2587 2193 2654 et
2256 2601 2401 2654 non
2465 2600 2622 2673 arx,
2691 2579 2880 2654 sicut

536 2699 950 2772 communis
1001 2719 1214 2774 error
1264 2707 1374 2774 est
1425 2699 1858 2795 multorum,
1901 2700 2088 2774 sicut
2140 2704 2375 2795 potest
2424 2698 2719 2794 probari
2771 2704 2881 2772 te-

540 2817 881 2893 stimonio
932 2819 1318 2893 illustrium
1373 2821 1913 2895 historicorum.
1961 2819 2162 2895 Sicut
2213 2819 2408 2893 enim
2462 2818 2710 2892 scribit
2759 2817 2880 2891 Ti-

541 2942 659 3008 tus
706 2937 986 3010 Livius:
1038 2938 1308 3013 Lucius
1367 2939 1603 3035 Scipio
1668 2940 1904 3014 dictus
1954 2938 2334 3031 Asiaticus,
2384 2958 2556 3012 cum
2621 2937 2878 3012 consul

541 3074 893 3131 romanus
944 3077 1118 3131 cum
1168 3058 1501 3154 Scipione
1551 3059 1891 3134 Africano
1943 3059 2171 3133 fratre
2205 3079 2342 3133 suo
2376 3069 2673 3154 gereret
2723 3059 2882 3133 bel-

538 3173 691 3246 lum
730 3181 986 3250 contra
1026 3176 1461 3253 Antiochum
1517 3200 1773 3275 regem
1814 3178 2002 3253 Asiae
2053 3178 2385 3273 pervenit
2437 3199 2608 3253 cum
2663 3199 2882 3254 exer-

537 3294 682 3369 citu
736 3295 827 3369 ad
879 3296 1078 3391 Ilion,
1122 3298 1366 3392 positis
1412 3299 1668 3372 castris
1720 3300 1793 3372 in
1845 3299 2122 3394 campis
2181 3298 2521 3374 subiectis
2587 3298 2884 3392 civitati,

540 3413 908 3510 ingressus
935 3417 1200 3492 urbem
1236 3424 1311 3492 et
1343 3439 1593 3493 arcem
1630 3418 1798 3494 fecit
1830 3417 2271 3494 sacrificium
2309 3419 2676 3512 Minervae,
2715 3438 2884 3511 quae

539 3534 908 3628 potissime
957 3536 1340 3611 colebatur
1389 3537 1508 3632 ibi,
1561 3539 1958 3633 prael'erens
2009 3538 2082 3612 in
2134 3538 2477 3613 omnibus
2532 3537 2754 3611 rebus
2807 3542 2881 3612 et

538 3655 1001 3729 sermonibus
1027 3654 1437 3752 ilionenseS,
1466 3678 1802 3733 asserens
1832 3678 2177 3733 romanos
2213 3678 2306 3732 ex
2344 3656 2480 3729 illis
2520 3656 2882 3752 originem

540 3773 900 3848 habuisse.
953 3775 1106 3850 Hoc
1157 3776 1350 3851 idem
1403 3777 1652 3852 scribit
1716 3778 2004 3873 Trogus
2065 3775 2485 3870 PompeiuS,
2534 3775 2669 3847 boc
2730 3773 2885 3847 Au-

539 3892 899 3988 gustinuS,
933 3894 1075 3970 hoc
1121 3895 1494 3990 HorosiuS,
1531 3897 1671 3971 hoc
1715 3894 2159 3990 Pomponius
2200 3894 2430 3968 Mella.
2466 3892 2651 3966 Dicit
2685 3892 2881 3966 enim

539 4010 786 4087 Livius
835 4013 1034 4106 quod
1073 4013 1309 4109 Scipio
1342 4021 1741 4109 antequam
1782 4013 2204 4110 perveniret
2253 4012 2346 4086 ad
2396 4010 2597 4104 llion,
2645 4011 2884 4106 primo

539 4138 844 4206 venerat
893 4130 1318 4206 Dardanum
1369 4133 1762 4227 civitatem,
1800 4152 1991 4227 quae,
2035 4139 2119 4206 ut
2159 4131 2402 4225 credo,
2439 4128 2655 4205 hodie
2707 4128 2885 4205 dici-

538 4256 665 4325 tur
713 4251 1257 4347 Dardanellum,
1293 4274 1462 4348 quae
1502 4254 1754 4328 civitas
1789 4252 1989 4328 venit
2036 4251 2170 4327 sibi
2211 4251 2505 4326 obviam
2547 4270 2722 4324 cum
2758 4250 2887 4323 lae-

539 4370 715 4445 titia.
767 4372 1136 4447 Praeterea
1185 4372 1496 4448 Achilles
1531 4374 1800 4448 multas
1847 4379 2085 4448 terras
2132 4371 2321 4467 cepit
2360 4371 2550 4445 intra
2585 4369 2883 4445 Troiam

539 4494 615 4565 et
665 4489 955 4584 evertit,
988 4483 1389 4584 antequam
1434 4492 1855 4586 perveniret
1903 4491 2000 4568 ad
2048 4491 2251 4586 Ilion,
2294 4491 2482 4566 sicut
2533 4489 2884 4581 Thebem‚

540 4608 875 4684 Lesbiam
926 4616 1002 4683 et
1050 4609 1252 4705 aliaS,
1304 4610 1492 4686 sicut
1540 4611 1789 4686 scribit
1837 4612 2206 4686 Homerus
2256 4611 2330 4685 in
2389 4607 2629 4683 Iliade.
2684 4609 2887 4682 Prae-
