3704 5559
1166 506 1443 560 CANTus
1493 508 1806 561 Dsscmus
1858 508 2244 563 SECUNDUS.
2731 497 2871 564 335

521 656 719 729 bitur
771 653 1033 727 diffuse
1065 652 1154 723 111
1190 653 1474 747 Regum
1530 658 1604 725 et
1656 652 2261 747 Paralipomenon
2298 652 2482 727 libro
2518 653 2611 747 113
2656 654 2867 727 cuius

523 775 846 849 breviter
888 775 1045 847 haec
1082 779 1190 847 est
1225 794 1539 846 summa.
1577 774 1865 846 Mortuo
1900 774 2173 846 Acham
2214 794 2391 869 rege
2417 774 2659 867 Israel,
2689 775 2871 848 Eze-

529 895 727 968 chias
780 894 970 967 filius
1035 894 1193 967 eius
1255 894 1573 987 optimus
1634 893 1852 988 coepit
1918 913 2231 989 regnare
2298 895 2370 966 in
2436 894 2868 988 Jerusalem,

528 1014 652 1108 qui
708 1013 996 1088 reduxit
1047 1014 1400 1108 populum
1454 1012 1544 1085 ad
1581 1012 1862 1085 cultum
1899 1012 2051 1105 Dei,
2095 1017 2166 1085 et
2203 1013 2582 1107 templum,
2619 1033 2867 1086 sacer-

526 1134 806 1207 dotium
845 1139 918 1207 et
956 1132 1378 1228 religionem
1420 1130 1847 1204 mirabiliter
1879 1131 2260 1226 ordinavit,
2292 1152 2604 1228 regnum
2642 1153 2865 1204 suum

525 1253 968 1326 constituens
1021 1259 1094 1325 et
1145 1272 1517 1346 exponens
1570 1251 1641 1323 in
1695 1272 1921 1324 manu
1957 1251 2111 1345 Dei,
2146 1259 2220 1325 et
2261 1252 2362 1325 sic
2395 1257 2867 1347 prosperatus

523 1379 633 1447 est
686 1373 756 1445 in
825 1373 1166 1446 omnibus
1234 1371 1640 1445 actionibus
1695 1372 1867 1444 suis.
1932 1372 2424 1446 Sennacherib
2490 1393 2668 1447 vero
2735 1393 2868 1446 rex

523 1493 972 1588 assyriorum
1042 1491 1583 1586 potentissimus
1644 1490 1938 1564 intravit
1999 1491 2351 1584 Judaeam,
2416 1493 2669 1566 volens
2732 1491 2865 1564 sibi

526 1611 912 1704 acquirere
955 1631 1268 1707 regnum
1325 1610 1570 1702 Israel,
1609 1615 1680 1683 et
1731 1617 2166 1683 convertens
2220 1616 2455 1683 totum
2509 1611 2866 1705 impetum

525 1731 690 1803 belli
745 1737 997 1803 contra
1049 1730 1484 1822 Jerusalem,
1538 1750 1759 1821 quarn
1817 1728 2161 1803 Ezechias
2211 1729 2629 1804 muniverat
2664 1730 2866 1804 omni

522 1855 871 1943 apparatu
913 1870 1328 1943 murorum,
1367 1869 1752 1921 armorum
1789 1854 1862 1921 et
1895 1848 2209 1922 aliorum
2251 1850 2861 1944 necessariorum,

524 1970 868 2064 praemisit
923 1970 1226 2042 nuncios
1277 1989 1449 2041 suos
1500 1969 1932 2062 Jerusalem,
1971 1970 2092 2063 qui
2129 1964 2199 2061 (¹)
2230 1971 2697 2064 jactaverunt
2732 1991 2864 2064 po-

523 2090 825 2163 tentiam
893 2091 1085 2184 regis
1154 2090 1670 2183 superbissime
1721 2089 2041 2164 dicentes
2092 2090 2380 2184 populo,
2434 2090 2631 2183 quod
2682 2092 2863 2163 Eze-

527 2211 725 2284 chias
777 2210 1175 2304 decipiebat
1227 2230 1374 2303 θος,
1429 2210 1597 2302 quia
1649 2209 1844 2283 Deus
1912 2231 2172 2284 eorum
2243 2231 2387 2284 non
2450 2216 2692 2304 posset
2744 2230 2869 2283 eos

528 2330 842 2404 liberare
876 2330 966 2404 de
1002 2331 1341 2403 manibus
1376 2330 1548 2423 suis,
1579 2330 1921 2405 facientes
1958 2352 2298 2427 magnam
2336 2331 2859 2425 blasphemiam

525 2449 597 2523 in
661 2450 1057 2523 Dominum
1119 2451 1354 2523 Deum
1426 2449 1673 2541 Israel,
1735 2456 1808 2523 et
1868 2451 2247 2524 Ezechiam
2319 2470 2617 2523 servum
2681 2450 2862 2523 eius

526 2569 770 2656 Quare
819 2570 1161 2643 Ezechias
1214 2576 1286 2643 et
1337 2570 1552 2642 Isaias
1597 2570 1951 2662 propheta
1987 2569 2590 2643 exclamaverunt
2626 2588 2865 2661 usque

527 2689 618 2761 ad
645 2680 717 2782 (²)
757 2690 1053 2784 coelum,
1108 2696 1182 2762 et
1231 2688 1586 2762 Dominus
1638 2688 1830 2760 misit
1864 2688 2210 2785 angelum
2247 2708 2490 2782 suum,
2529 2687 2655 2781 qui
2690 2707 2859 2781 per-

525 2809 747 2883 cussit
798 2827 1094 2882 omnem
1150 2809 1390 2882 virum
1432 2810 1817 2881 robustum
1856 2815 1929 2881 et
1963 2808 2417 2901 bellatorem,
2454 2813 2529 2881 et
2563 2827 2857 2881 omnem

522 2927 919 3022 principem
992 2929 1378 3002 exercitus
1452 2928 1948 3003 Sennacherib
2012 2934 2261 3001 autem
2336 2947 2677 3001 reversus
2756 2933 2866 3000 est

522 3067 693 3120 cum
749 3047 1143 3144 ignominia
1197 3048 1268 3122 in
1322 3056 1594 3122 terram
1650 3069 1889 3142 suam,
1932 3055 2005 3122 et
2055 3068 2224 3121 cum
2281 3047 2619 3121 intrasset
2670 3054 2859 3121 tem-

522 3169 722 3261 plum
778 3168 930 3263 Dei,
985 3169 1096 3242 sui
1150 3169 1270 3242 filii
1338 3169 1590 3265 gladiis
1654 3174 2130 3263 peremerunt
2190 3188 2404 3261 eum3
2476 3174 2548 3243 et
2613 3169 2860 3243 scribit

520 3288 759 3381 IsaiaS,
827 3289 1023 3382 quod
1089 3289 1393 3384 angelus
1453 3288 1739 3362 Domini
1808 3287 2167 3362 interfecit
2243 3294 2540 3361 centum
2605 3294 2863 3362 octua-

518 3407 715 3502 ginta
744 3398 818 3498 (³)
875 3408 1202 3500 quinque
1254 3405 1474 3480 millia
1526 3407 2404 3503 assyriorum310sephus
2448 3428 2628 3482 vero
2667 3408 2856 3502 dicit,

519 3527 716 3619 quod
769 3527 1029 3601 morbo
1081 3526 1479 3621 perierunt.
1536 3526 1677 3599 Sed
1738 3547 1994 3620 quare,
2049 3527 2447 3621 incredule,
2511 3529 2650 3601 hoc
2719 3549 2863 3601 non

519 3645 774 3739 crediS,
830 3646 956 3738 qui
1007 3645 1240 3719 credis
1292 3646 1537 3719 omnia
1591 3646 1790 3718 libris
1841 3646 2286 3720 Gentilium?
2338 3648 2593 3721 Nonne
2634 3648 2865 3721 Bren-

522 3787 661 3838 nus
724 3766 844 3839 ille
913 3767 1275 3859 superbus
1339 3767 1465 3859 qui
1515 3767 1827 3840 Romam
1894 3768 2288 3861 superbam
2345 3774 2736 3860 everterat,
2791 3774 2864 3841 et

520 3883 660 3957 alia
713 3905 980 3980 magna
1023 3886 1215 3959 mala
1254 3885 1524 3960 fecerat
1559 3885 1631 3958 in
1668 3885 1869 3958 Italia
1907 3892 1979 3958 et
2013 3885 2318 3978 Graecia,
2354 3885 2647 3960 tandem
2686 3907 2859 3959 cum

521 4003 765 4078 ivisset
814 4003 905 4077 ad
955 4006 1411 4098 spoliandum
1464 4005 1638 4078 illud
1693 4005 2056 4079 famosum
2115 4006 2465 4100 templum
2520 4006 2863 4100 Apollinis

517 4124 847 4219 delphici,
901 4125 1074 4199 vidit
1124 4147 1345 4199 suum
1400 4126 1807 4200 exercitum
1876 4131 2329 4220 terraemotu,
2383 4126 2737 4222 grandine
2791 4134 2865 4200 et

519 4249 948 4337 tempestate
999 4246 1382 4339 prosterni,
1435 4251 1509 4320 et
1559 4247 1710 4340 ipse
1761 4245 2002 4341 gladio
2055 4266 2135 4319 se
2194 4245 2604 4320 interfecit?
2653 4247 2864 4322 Nunc

515 4362 608 4436 ad
661 4363 993 4437 literam:
1047 4365 1217 4439 dicit
1267 4373 1521 4460 poeta:
1576 4371 1648 4439 et
1701 4366 1878 4439 illud
1920 4365 2449 4461 pavimentum,
2504 4374 2864 4439 mos-trava

640 4546 697 4610 (¹)
729 4552 837 4610 117,
869 4551 959 4614 qui
993 4552 1360 4603 nuntiaverunt
1395 4551 1695 4615 potentiam.
1978 4553 2033 4616 (²)
2070 4555 2129 4604 Ε.
2163 4568 2192 4604 e
2229 4558 2333 4610 117.
2368 4554 2420 4603 in
2454 4554 2663 4604 coelum.

639 4623 693 4686 (·)
724 4624 787 4675 13.
821 4627 1116 4691 octuaginta
1149 4628 1329 4678 millia.
