3704 5559
821 482 914 547 54
1549 493 1956 548 coMEN‘rUM
2006 494 2442 547 PURGATonu

820 638 1078 712 eadem
1161 638 1485 735 regione,
1564 638 1714 711 imo
1789 639 2129 731 quaedam
2199 644 2370 711 sunt
2440 638 2671 734 magis
2733 640 3165 734 propinquas

816 760 1102 853 orienti,
1148 759 1488 853 quaedam
1543 759 1778 853 magis
1823 766 2129 833 remotae
2180 759 2274 833 ab
2327 778 2452 852 eo;
2507 759 2704 833 unde
2739 780 2874 834 nec
2923 762 3168 834 omni-

815 880 954 953 bus
1005 880 1078 952 in
1130 880 1391 954 eodem
1444 886 1778 974 tempore
1811 881 1918 953 sol
1954 879 2213 971 oritur,
2261 898 2398 952 nec
2432 878 2721 973 occidit;
2766 900 2902 954 nec
2946 881 3162 954 simul

816 1020 1074 1073 omnes
1125 1000 1396 1074 habent
1447 998 1852 1091 meridiem,
1908 998 2097 1071 sicut
2140 1018 2276 1072 nec
2313 997 2531 1070 simul
2574 999 2845 1073 habent
2906 1020 3165 1076 omnes

817 1114 1066 1193 ortum
1103 1125 1176 1192 et
1209 1139 1588 1193 occasum:
1626 1117 1777 1190 imo
1813 1118 1910 1190 illi
1947 1118 2071 1210 qui
2105 1123 2273 1190 sunt
2308 1117 2866 1211 propinquiores
2901 1120 3164 1194 orienti

816 1238 1086 1311 habent
1135 1237 1347 1311 citius
1399 1236 1806 1329 meridiem,
1859 1237 2190 1311 similiter
2242 1243 2314 1311 et
2366 1258 2588 1309 suum
2648 1239 3160 1312 meridianum.

815 1358 897 1430 In
946 1357 1313 1451 proposito
1365 1377 1546 1452 ergo
1595 1363 1812 1450 poeta
1863 1378 2010 1429 non
2063 1357 2388 1450 loquitur
2439 1358 2533 1432 de
2583 1358 2986 1433 meridiano
3038 1381 3163 1433 ar-

816 1476 1105 1570 tificiali,
1159 1477 1390 1570 qualis
1443 1486 1553 1552 est
1602 1475 2013 1570 praedictuS,
2068 1477 2217 1550 imo
2268 1477 2361 1550 de
2412 1478 2752 1570 naturali,
2807 1479 2934 1571 qui
2983 1478 3164 1553 divi-

816 1597 919 1671 dit
968 1597 1190 1670 istum
1244 1603 1579 1670 nostrum
1631 1597 2158 1690 hemisperium
2196 1598 2535 1691 superius
2587 1599 2659 1671 in
2710 1599 2860 1672 duo
2912 1620 3162 1693 aequa3

819 1724 893 1792 et
943 1718 1016 1790 in
1068 1738 1218 1811 quo
1271 1718 1567 1811 quando
1618 1724 1727 1791 est
1769 1719 1877 1791 sol
1917 1719 2299 1810 aequaliter
2333 1719 2546 1793 distat
2586 1740 2630 1793 a
2668 1740 2846 1793 vero
2883 1719 3167 1793 oriente

817 1847 892 1914 et
940 1860 984 1913 a
1039 1858 1217 1913 vero
1268 1838 1666 1931 occidente,
1720 1839 1920 1914 etin
1984 1859 2075 1912 eo
2144 1840 2381 1913 solum
2456 1840 2797 1914 meridies
2867 1839 3169 1913 deberet

821 1978 982 2033 esse
1032 1959 1088 2032 si
1140 1979 1399 2033 omnes
1431 1965 1688 2055 gentes
1729 1965 1971 2032 essent
2005 1959 2387 2052 aequaliter
2422 1959 2599 2053 sitae,
2637 1965 2711 2033 et
2746 1959 2876 2031 nisi
2916 1964 3167 2032 tumor

819 2060 1039 2154 terrae
1090 2078 1492 2171 impediret.
1548 2077 1792 2150 Tertio
1843 2083 2015 2150 nota
2066 2099 2290 2172 super
2342 2099 2431 2153 eo
2483 2078 2683 2172 quod
2716 2083 2932 2172 poeta
2972 2077 3167 2168 dicit,

819 2196 1017 2291 quod
1071 2196 1517 2269 meridianus
1578 2196 1753 2292 tegit
1820 2196 2319 2291 Hierusalem3
2384 2220 2554 2272 nam
2615 2198 2906 2272 videtur
2956 2197 3169 2271 dubi-

820 2316 1125 2390 tandum
1162 2315 1255 2389 de
1294 2335 1385 2388 eo
1436 2314 1633 2406 quod
1682 2315 1852 2389 dicit
1891 2317 2025 2409 hic,
2063 2324 2136 2390 et
2176 2318 2346 2390 alibi
2382 2318 2559 2391 dixit
2601 2324 2676 2391 et
2708 2317 2922 2409 dicet,
2964 2316 3161 2410 quod

817 2435 1272 2509 Hierusalem
1326 2434 1416 2506 sit
1466 2434 1538 2506 in
1591 2435 1831 2508 medio
1880 2436 2155 2530 mundi,
2194 2459 2363 2511 nam
2420 2437 2870 2512 contrarium
2910 2435 3163 2509 viden—

819 2562 944 2629 tur
993 2555 1237 2628 dicere
1289 2553 1534 2649 magni
1570 2554 1970 2649 philosophi
2023 2564 2096 2630 et
2149 2558 2488 2654 theologi.
2533 2557 2938 2631 Dicendum
2991 2556 3165 2629 bre-

819 2675 1007 2750 viter
1059 2675 1254 2768 quod
1306 2675 1761 2749 Hierusalem
1799 2682 2037 2769 potest
2086 2676 2222 2750 dici
2277 2697 2438 2751 esse
2489 2677 2560 2749 in
2613 2675 2854 2750 medio
2907 2674 3165 2748 mundi

818 2816 910 2871 ex
965 2797 1376 2871 testimonio
1429 2797 1673 2871 Sacrae
1710 2796 2144 2890 Scripturae:
2192 2805 2302 2871 est
2347 2799 2564 2873 etiam
2622 2799 2694 2871 in
2749 2799 2992 2872 medio
3044 2818 3165 2871 re-

816 2915 1051 3011 gionis
1102 2916 1406 3009 Judaeae3
1442 2915 1639 2989 unde
1685 2916 2065 3011 Egisippus
2113 2917 2184 2988 in
2221 2918 2403 2992 libro
2447 2918 2539 2992 de
2571 2918 2986 3013 captivitate
3037 2919 3169 2990 he—

817 3036 1224 3128 braeorum,
1276 3036 1491 3109 dicit:
1547 3038 1625 3108 In
1690 3036 1929 3110 medio
1980 3043 2232 3110 autem
2288 3038 2557 3112 Judaeae
2608 3038 2859 3112 civitas
2921 3039 3166 3111 hiero-

818 3155 1227 3229 solimitana
1264 3155 1473 3247 quasi
1510 3154 1901 3228 umbilicus
1938 3155 2253 3251 regionis
2289 3157 2534 3250 totiuS,
2574 3163 2654 3229 ut
2687 3155 3164 3252 prudentibus

818 3273 1112 3369 placuit,
1150 3274 1531 3348 abundans
1560 3274 1766 3370 regio
1796 3275 2348 3349 mediterraneis
2384 3276 2627 3370 copiiS,
2657 3297 2793 3350 nec
2828 3276 3164 3349 fraudata

819 3392 1227 3485 maritimiS,
1269 3393 1368 3468 ita
1419 3399 1504 3466 ut
1554 3394 1762 3487 quasi
1812 3400 2033 3488 caput
2084 3394 2157 3466 in
2210 3415 2521 3489 corpore
2572 3416 2720 3469 non
2770 3395 3165 3469 obumbret

818 3534 953 3587 sua
1007 3513 1342 3587 membra
1393 3513 1518 3587 sed
1573 3521 1804 3610 regat,
1842 3520 2068 3608 atque
2108 3514 2174 3588 ei
2212 3515 2498 3589 tuitioni
2545 3516 2635 3589 sit
2685 3522 2758 3590 et
2807 3516 3165 3611 pulcritu-

817 3632 1011 3725 dini;
1063 3632 1155 3706 de
1206 3654 1354 3726 qua
1405 3635 1600 3727 saepe
1652 3635 1885 3707 multa
1936 3634 2271 3706 dicentur
2321 3635 2394 3707 in
2449 3635 2584 3708 isto
2636 3635 2843 3708 libro,
2897 3637 2986 3708 Et
3034 3656 3164 3730 po-

817 3752 954 3827 sito
1006 3754 1201 3846 quod
1256 3755 1393 3827 hoc
1444 3773 1592 3827 non
1628 3754 1718 3827 sit
1759 3773 2024 3828 verum
2071 3753 2429 3847 historice,
2472 3762 2717 3829 tamen
2752 3761 2864 3829 est
2899 3774 3161 3828 verum

816 3874 1238 3970 allegorice:
1289 3879 1362 3947 et
1396 3874 1772 3970 eleganter
1811 3881 2029 3967 poeta
2067 3872 2270 3969 fingit
2312 3874 2510 3968 quod
2553 3875 2686 3949 iste
2722 3895 2934 3949 mons
2984 3895 3165 3968 pur—

816 3993 1078 4089 gatorii
1128 3993 1403 4067 directe
1454 4000 1564 4067 est
1630 3992 2003 4086 oppositus
2063 3992 2368 4087 inferno,
2432 3994 2603 4088 quia
2670 3995 2901 4067 virtus
2966 4000 3167 4068 recte

816 4113 1310 4187 contrariatur
1362 4113 1560 4207 viti0,
1615 4114 1802 4187 sicut
1842 4114 1998 4207 jam
2054 4113 2508 4189 declaratum
2564 4123 2674 4189 est
2713 4115 2905 4190 circa
2945 4115 3165 4190 finem

819 4230 1100 4305 inferni.
1144 4233 1424 4319 Quarto
1477 4240 1550 4307 et
1604 4233 1859 4306 ultimo
1911 4238 2084 4305 nota
2136 4233 2332 4325 quod
2382 4236 2561 4309 hora
2618 4235 2967 4329 temporis
3020 4256 3167 4329 qua

817 4359 1035 4425 autor
1085 4349 1381 4425 intravit
1421 4352 1936 4447 purgatorium
1978 4352 2252 4445 optime
2296 4354 2635 4428 convenit
2670 4355 3000 4429 materiae
3039 4355 3167 4429 de-

819 4469 1258 4544 scribendae:
1312 4471 1507 4545 unde
1557 4472 1894 4568 Virgilius
1945 4470 2017 4543 in
2072 4471 2285 4544 simili
2337 4492 2515 4546 casu
2565 4473 2906 4548 describit
2957 4493 3165 4548 eam-

817 4592 985 4667 dem
1039 4592 1298 4665 horam
1352 4593 1625 4687 pulcre.
1683 4593 1870 4667 Cum
1931 4591 2127 4665 enim
2179 4592 2414 4667 Eneas
2477 4594 2776 4669 veniens
2828 4615 2872 4668 a
2923 4594 3161 4687 Troia,
