3704 5559
1369 479 1645 534 CAN'rus
1694 480 2034 534 OCTAVUS·
2740 471 2879 538 231

533 627 652 699 che
687 617 1076 698 transmitto
1112 627 1173 697 le
1206 625 1488 696 biancloe
1522 625 1761 715 bende,
1800 645 1984 718 quas
2023 626 2363 720 portabat
2398 627 2471 700 in
2509 626 2884 723 viduitate,

534 746 742 839 idest,
795 752 1185 840 postquam
1241 744 1713 819 transvolavit
1747 744 1840 818 ad
1877 745 2234 819 secundas
2285 746 2574 840 nuptias
2608 747 2883 821 domini
3008 787 3015 794 ·

535 866 863 941 Galeatii,
917 867 1059 940 Per
1109 866 1248 939 boc
1299 871 1495 959 nota,
1549 864 1746 959 quod
1799 871 2014 960 poeta
2068 866 2283 940 tacite
2338 868 2565 964 tangit
2617 889 2884 942 vanam

536 1006 796 1061 curam
852 985 1374 1080 quorumdam,
1429 986 1555 1080 qui
1607 1006 1698 1060 ex
1754 985 1979 1059 nimio
2020 1006 2300 1080 amore,
2347 1008 2571 1080 quem
2615 988 2886 1062 habent

537 1105 632 1181 ad
682 1126 976 1199 uxoreS,
1030 1127 1074 1180 a
1127 1106 1395 1200 quibus
1461 1105 1801 1179 videntur
1872 1105 2069 1202 diligi
2097 1099 2172 1197 (¹)
2239 1106 2312 1179 in
2380 1107 2551 1201 vita,
2605 1107 2885 1182 solliciti

538 1233 710 1300 sunt
760 1226 936 1319 quid
985 1233 1263 1300 acturae
1331 1225 1471 1298 sint
1527 1232 1689 1320 post
1760 1233 2075 1298 mortem
2140 1245 2428 1321 eorum,
2490 1233 2565 1301 et
2617 1228 2889 1302 vellent

539 1345 642 1420 eis
691 1345 1170 1441 praescribere
1235 1347 1474 1443 legem
1542 1365 1635 1419 ne
1701 1334 2093 1418 transirent
2155 1345 2248 1419 ad
2314 1335 2635 1422 secunda
2688 1353 2884 1440 vota,

538 1486 709 1542 cum
766 1472 1014 1540 tamen
1062 1465 1334 1561 possint
1385 1465 1522 1539 dici
1575 1465 1746 1538 satis
1798 1465 2040 1538 felices
2092 1465 2151 1537 si
2203 1466 2275 1539 in
2330 1467 2478 1540 vita
2545 1473 2887 1541 servetur

538 1608 673 1685 par
721 1587 1071 1680 debitum,
1124 1586 1426 1680 aequalis
1494 1606 1730 1678 amor,
1802 1592 1877 1659 et
1947 1592 2209 1660 mutua
2277 1586 2456 1660 fides
2523 1586 2882 1683 coniugii:

540 1706 704 1783 ideo
770 1708 905 1783 iste
971 1706 1244 1780 divinat
1302 1707 1435 1780 sibi
1499 1707 1802 1800 malum,
1863 1705 2148 1780 dicens:
2212 1709 2273 1779 le
2331 1710 2523 1799 quai,
2590 1707 2885 1801 scilicet,

539 1826 793 1902 hindas
842 1826 1069 1920 albas,
1122 1829 1408 1900 convien
1460 1828 1577 1898 che
1628 1828 1888 1898 misera
1939 1847 2163 1898 ancer
2213 1827 2445 1899 brami
2459 1854 2490 1920 ;
2528 1827 2700 1920 quia
2749 1827 2890 1901 sci-

540 1948 710 2023 licet
757 1947 1093 2023 deveniet
1142 1946 1234 2020 ad
1288 1947 1508 2020 talem
1552 1953 1849 2041 statum,
1889 1946 2084 2040 quod
2124 1948 2339 2021 vellet
2381 1947 2690 2022 libenter
2729 1967 2890 2021 esse

540 2068 616 2142 in
667 2067 907 2163 primo
958 2073 1151 2141 statu
1206 2066 1606 2140 viduitatis:
1662 2072 1734 2140 et
1783 2066 1886 2140 sic
1939 2066 2073 2139 fuit
2128 2066 2219 2141 de
2278 2067 2490 2160 facto,
2545 2068 2717 2161 quia
2770 2067 2883 2142 vir

541 2208 726 2263 suus
775 2187 1141 2262 secundus
1192 2187 1542 2281 expulsus
1576 2186 1668 2260 de
1707 2186 2135 2280 Mediolan0,
2174 2187 2407 2261 factus
2455 2195 2567 2262 est
2616 2190 2889 2285 stipen-

542 2309 817 2384 diarius
868 2307 1265 2383 Castruccii
1316 2307 1390 2380 in
1453 2307 1736 2402 Tuscia,
1788 2317 1863 2383 et
1915 2314 2255 2382 mortuus
2314 2316 2424 2383 est
2476 2309 2593 2383 ibi.
2659 2310 2745 2381 Et
2798 2330 2887 2384 ex

542 2431 683 2504 boc
732 2429 960 2503 Ninus
1009 2428 1254 2525 arguit
1303 2428 1397 2502 ab
1440 2449 1675 2503 uxore
1710 2449 1845 2502 sua
1881 2428 1973 2502 ad
2008 2429 2184 2502 alias
2227 2429 2634 2506 instabilem
2677 2451 2890 2504 amo-

544 2570 705 2625 rem
757 2550 1179 2643 mulierum,
1224 2537 1506 2622 dicensi
1533 2570 1670 2640 per
1705 2551 1791 2621 lei
1823 2551 2018 2620 assai
2049 2551 2124 2621 di
2156 2552 2322 2621 lieve
2352 2553 2416 2621 si
2447 2553 2889 2642 comprenda,

543 2670 750 2765 idest,
784 2690 917 2766 per
967 2691 1194 2743 unam
1250 2669 1552 2743 faciliter
1604 2669 2070 2765 cognoscitur
2105 2667 2198 2742 dc
2231 2668 2427 2762 aliis3
2465 2670 2582 2743 vel
2623 2690 2891 2744 secun-

543 2793 724 2870 dum
784 2793 1004 2867 aliam
1068 2791 1381 2885 literam,
1433 2794 1508 2864 di
1557 2782 1656 2882 ld,
1708 2791 1912 2885 idest,
1964 2790 2038 2863 in
2099 2789 2375 2864 mundo
2436 2791 2888 2886 viventium,

545 2922 804 3007 quanto
852 2917 927 2985 in
971 2916 1237 3008 semina
1280 2916 1442 3007 foco
1495 2914 1563 2985 α’
1584 2933 1793 2985 amor
1843 2912 2056 3001 dura,
2108 2910 2314 3005 idest,
2378 2932 2526 2984 non
2575 2911 2694 2984 diu
2750 2912 2891 2985 du-

547 3042 661 3109 rat
710 3032 976 3108 ardens
1026 3054 1240 3107 amor
1291 3032 1364 3106 in
1417 3032 1751 3123 muliere,
1802 3052 1878 3103 se
1929 3032 1972 3102 l’
1999 3032 2230 3102 occltio
2270 3051 2315 3103 o
2359 3033 2410 3104 ’l
2458 3037 2624 3104 tatto
2655 3052 2889 3123 spesso

544 3155 670 3227 nol
728 3155 1090 3225 raccende.
1162 3152 1420 3226 Mulier
1470 3152 1690 3245 enim,
1747 3157 1832 3223 ut
1897 3149 2066 3223 alibi
2127 3149 2403 3224 dictum
2434 3142 2507 3243 (²)
2574 3157 2704 3245 est,
2758 3172 2893 3224 na-

546 3273 881 3348 turaliter
946 3278 1056 3347 est
1118 3271 1398 3369 frigida,
1450 3270 1576 3346 sed
1628 3292 1840 3345 more
1892 3271 2066 3344 ferri
2127 3271 2184 3345 si
2252 3271 2677 3345 accenditur
2729 3271 2892 3345 visu

546 3396 664 3470 vel
715 3400 911 3468 tactu
968 3392 1283 3467 efficitur
1333 3390 1633 3467 calidior
1682 3391 1867 3484 viro,
1921 3413 2087 3485 quae
2140 3390 2462 3465 caliditas
2519 3413 2665 3465 non
2716 3412 2894 3465 con-

548 3513 905 3606 tinuatur,
940 3512 1073 3585 nisi
1124 3531 1318 3606 saepe
1372 3510 1922 3585 reaccendatur.
1952 3551 2050 3563 —
2078 3516 2256 3583 Non.
2294 3510 2424 3584 Hic
2458 3511 2687 3585 Ninus
2721 3533 2895 3606 pro-

546 3630 695 3727 bat,
731 3630 929 3726 quod
980 3632 1115 3705 ista
1167 3652 1312 3704 non
1348 3631 1537 3705 bene
1573 3631 1824 3704 fecerit
1865 3629 2209 3703 nubendo
2245 3631 2564 3704 secunda
2595 3621 2666 3722 (³)
2709 3632 2891 3727 vice,

549 3752 724 3848 quia
781 3773 929 3827 non
997 3759 1156 3826 erat
1218 3751 1350 3825 sibi
1418 3759 1569 3825 tam
1642 3751 2069 3824 honorabile
2144 3757 2306 3845 post
2370 3757 2686 3824 mortem
2755 3751 2893 3826 dici

550 3892 743 3946 uxor
791 3870 1118 3966 Galeatii,
1169 3871 1357 3945 sicut
1407 3872 1468 3944 si
1517 3870 1889 3944 diceretur
1959 3891 2150 3945 uxor
2199 3870 2382 3944 Nini.
2436 3870 2621 3944 Dicit
2671 3891 2891 3967 ergo:

548 3995 624 4067 la
669 3995 942 4085 vipera,
991 3992 1384 4090 insignium
1414 3980 1487 4085 (⁸)
1558 3990 2075 4066 vicecomitum
2140 3991 2231 4065 de
2300 3990 2726 4084 Mediolano,
2778 3994 2899 4065 che

548 4117 576 4189 i
621 4117 938 4188 milanesi
984 4135 1354 4208 accompa,
1405 4113 1608 4208 idest,
1667 4134 1893 4207 quam
1967 4111 2542 4185 mediolanenses
2603 4118 2901 4207 portant

547 4233 625 4309 in
674 4254 959 4331 campo,
1011 4235 1184 4329 quia
1234 4234 1603 4311 Galeatius
1662 4241 1822 4310 erat
1877 4241 2052 4307 tunc
2103 4232 2442 4307 dominus
2492 4233 2898 4328 Mediolani,

547 4373 694 4428 non
743 4356 805 4428 Ie
856 4345 1032 4448 sarci
1097 4347 1158 4427 εὶ
1226 4356 1402 4428 bella
1468 4357 1848 4446 sepollura,
1900 4353 2084 4427 idest
2151 4361 2296 4426 tam
2369 4353 2898 4449 honorabilem,

674 4534 732 4598 (¹)
767 4540 876 4597 1¹⁷,
908 4549 963 4586 se
996 4537 1155 4601 diligi.
2053 4538 2109 4600 (ἦ
2139 4538 2199 4588 E.
2233 4543 2432 4588 tactum
2462 4543 2557 4589 est.

676 4614 731 4679 (ἢ
762 4614 824 4664 E.
858 4615 1085 4665 secundo
1120 4616 1231 4667 viro
1263 4615 1384 4680 quia
1415 4628 1520 4664 non
1551 4615 1653 4665 erit
1683 4615 1796 4665 sibi.
2052 4614 2103 4678 (⁸)
2140 4620 2247 4678 11⁷,
2282 4618 2502 4680 signum.
