3704 5559
851 512 992 576 242
1571 522 1982 577 COMENTUM
2032 523 2476 577 PURGA'ronu

845 666 1061 742 dicit:
1116 690 1258 742 non
1307 690 1438 741 son
1488 671 1533 741 l’
1561 672 1821 759 antico,
1876 667 2001 761 qui
2054 668 2190 741 fuit
2240 668 2451 743 valde
2502 669 2896 763 virtuosuS,
2952 691 3070 742 ma
3123 672 3199 743 di

844 790 943 860 lui
980 791 1250 881 discesi,
1286 811 1417 884 per
1471 795 1750 864 rectam
1802 789 2068 863 lineam
2111 789 2503 886 sanguinis.
2541 791 2690 863 Nec
2724 789 3197 886 degeneravit

842 907 938 982 ab
990 929 1104 1003 e0,
1156 910 1342 984 sicut
1394 915 1613 984 autor
1663 908 1843 982 dixit
1895 910 1968 983 in
2021 909 2338 1004 capitulo
2389 908 2828 1004 praecedenti
2895 910 2987 983 de
3035 909 3197 983 filiis

844 1028 1263 1103 illustrium.
1319 1030 1524 1104 Unde
1575 1029 1945 1104 Corradus
1996 1030 2227 1127 tangit
2261 1031 2712 1126 singularem
2748 1037 2999 1104 actum
3042 1032 3193 1104 vir-

848 1149 1021 1222 tutis
1070 1170 1247 1245 suae,
1283 1150 1560 1225 dicens:
1615 1153 1684 1223 a'
1713 1153 1870 1223 miei
1908 1155 2151 1243 portat·
2200 1154 2244 1224 l’
2271 1173 2505 1242 amor,
2541 1151 2725 1226 idest
2784 1152 3195 1247 caritatem,

847 1271 966 1342 che
1017 1273 1135 1361 qui
1187 1275 1470 1362 raffina,
1536 1270 1738 1364 idest,
1793 1270 1918 1364 qui
1985 1271 2257 1345 inducit
2320 1291 2440 1345 me
2504 1270 2596 1344 ad
2655 1271 3196 1366 purgatorium,

850 1389 977 1462 ubi
1029 1389 1274 1464 anima
1325 1391 1697 1484 affinatur,
1750 1391 1939 1464 sicut
2006 1413 2277 1464 aurum
2339 1391 2412 1464 in
2482 1392 2673 1487 igne.
2745 1389 2950 1465 Unde
3000 1399 3197 1486 nota,

852 1510 1048 1604 quod
1103 1515 1448 1584 narratur
1500 1512 1592 1585 de
1644 1511 1779 1584 isto
1845 1511 2195 1605 Corrad0,
2250 1511 2446 1605 quod
2498 1512 2798 1586 veniens
2847 1511 2942 1586 ad
2995 1532 3202 1586 mor-

849 1635 997 1704 tem
1054 1628 1209 1704 sine
1259 1631 1487 1724 prole,
1540 1630 1789 1704 omnia
1839 1652 1974 1704 sua
2026 1632 2318 1706 castella
2372 1631 2749 1706 condivisit
2785 1632 2975 1707 inter
3018 1653 3199 1707 con-

850 1759 1085 1827 sortes
1135 1773 1331 1846 suOS,
1383 1757 1457 1825 et
1500 1751 1770 1847 praedia
1806 1752 2243 1826 condonavit
2270 1745 2369 1846 (¹),
2408 1755 2803 1827 exhortans
2841 1772 2969 1827 eos
3002 1752 3095 1827 ad
3122 1743 3196 1844 (²)

850 1871 1339 1946 concordiam.
1372 1872 1458 1944 Et
1490 1877 1738 1946 tamen
1774 1870 2132 1945 discordia
2165 1872 2379 1946 hodie
2413 1872 2848 1947 disturbavit
2868 1863 2943 1965 (³)
2988 1873 3202 1948 istam

850 1989 1182 2085 domum,
1220 1990 1408 2063 sicut
1441 2000 1516 2066 et
1548 1990 1758 2083 quasi
1794 1997 2098 2064 caeteras
2134 1992 2374 2065 Italiae.
2412 1991 2651 2086 Aliqui
2690 1985 2939 2068 tamen
2975 2013 3203 2088 expo-

851 2116 1039 2183 nunt
1091 2110 1302 2183 istam
1355 2109 1643 2184 literam
1699 2110 1935 2203 aliter,
1973 2117 2045 2184 et
2080 2111 2352 2206 dicunt,
2396 2113 2592 2206 quod
2644 2114 3011 2188 Corradus
3046 2113 3205 2188 vult

854 2228 1123 2321 dicere,
1176 2228 1374 2321 quod
1426 2229 1500 2301 in
1554 2235 1838 2303 tantum
1893 2231 2168 2304 amavit
2226 2253 2400 2306 suos
2430 2221 2501 2324 (⁴)
2560 2233 2632 2306 in
2686 2233 3203 2310 exaltationem

858 2368 1015 2421 suae
1049 2346 1338 2441 domuS,
1375 2346 1571 2441 quod
1606 2348 1928 2443 neglexit
1963 2371 2186 2445 opera
2222 2352 2619 2447 meritoria,
2657 2353 2976 2428 intentus
3009 2354 3204 2428 circa

856 2468 1310 2563 temporalia,
1363 2468 1455 2542 de
1507 2489 1655 2562 quo
1707 2469 1823 2542 hic
1876 2476 2212 2563 expectat
2260 2473 2583 2566 purgari.
2614 2513 2713 2525 —
2748 2479 2833 2565 Ο,
2868 2477 3038 2547 dissi
3084 2477 3201 2548 lui.

856 2588 988 2661 Hic
1038 2595 1254 2682 poeta
1304 2588 1503 2682 ponit
1554 2610 1763 2663 suam
1822 2590 2369 2684 responsionem
2405 2592 2496 2665 ad
2531 2593 2955 2686 petitionem
3000 2613 3204 2670 mar-

858 2707 1158 2803 chioniS,
1196 2716 1268 2783 et
1319 2708 1598 2783 extollit
1646 2709 1958 2805 gloriam
2012 2731 2165 2783 suae
2216 2711 2481 2785 domus
2517 2733 2606 2786 ex
2644 2714 2972 2808 generali
3007 2716 3202 2790 fama

858 2827 1192 2901 omnium
1247 2822 1650 2902 hominum.
1689 2830 1895 2904 Unde
1937 2829 2145 2904 dicit:
2183 2835 2437 2905 diss’io
2474 2836 2594 2924 lui,
2630 2833 2834 2929 idest,
2874 2836 2971 2909 illi
3022 2837 3205 2912 C'or-

861 2948 1085 3022 rado:
1141 2953 1226 3039 0,
1268 2949 1701 3025 admirative
1737 2951 2088 3045 loquitur,
2115 2956 2387 3043 ‚qiamai
2418 2974 2563 3025 non
2598 2958 2707 3048 fui
2734 2978 2871 3047 per
2905 2958 2956 3030 li
2989 2961 3208 3031 vostri

850 3072 1082 3161 paesi,
1122 3068 1415 3163 scilicet,
1466 3070 1598 3163 per
1659 3069 1940 3145 Vallem
1996 3072 2291 3166 Macrae3
2346 3080 2421 3147 et
2472 3095 2731 3148 verum
2787 3075 2979 3170 dicit,
3033 3077 3204 3171 quia

859 3187 934 3260 in
960 3188 1197 3262 MCCC
1233 3210 1641 3283 numquam
1681 3191 1922 3265 fuerat
1952 3191 2071 3286 ibi,
2098 3193 2225 3267 sed
2254 3201 2416 3287 post
2450 3196 2950 3289 expulsionem
2987 3218 3201 3272 suam

858 3306 1001 3382 cito
1052 3307 1190 3380 fuit
1240 3309 1335 3382 ibi
1363 3333 1383 3403 ;
1436 3310 1562 3383 sed
1614 3310 1782 3385 licet
1831 3333 1980 3385 non
2044 3314 2309 3386 fuerim
2375 3315 2469 3389 ibi
2536 3318 3030 3412 personaliter,
3095 3326 3209 3395 ta-

862 3446 1035 3500 men
1085 3428 1332 3502 audivi
1361 3430 1675 3523 'semper
1726 3452 1904 3506 vera
1960 3432 2051 3507 de
2108 3433 2327 3509 domo
2394 3430 2658 3511 vestra.
2721 3428 2927 3512 Unde
2988 3439 3204 3514 dicit:

860 3568 981 3621 ma
1030 3549 1206 3621 dove
1255 3552 1318 3621 si
1362 3551 1671 3642 dimora,
1724 3551 1930 3645 idest,
1970 3554 2039 3624 in
2093 3576 2239 3647 qua
2292 3562 2501 3649 parte
2538 3555 2615 3629 fit
2663 3557 3033 3653 habitatio,
3074 3582 3225 3653 per.

862 3674 1033 3741 tutta
1068 3674 1385 3762 Europa,
1423 3669 1548 3743 ubi
1599 3678 1708 3744 est
1749 3672 2076 3747 maxime
2110 3674 2306 3748 orbis
2348 3676 2807 3771 christianuS,
2841 3680 2945 3751 ch’
2970 3681 3034 3753 ei
3062 3700 3209 3753 non

859 3790 1020 3862 sian
1064 3791 1289 3880 palesi
1313 3795 1350 3861 ?
1408 3788 1611 3884 idest,
1673 3791 1963 3887 publice
2023 3793 2337 3889 cognita,
2388 3802 2687 3891 propter
2755 3788 3205 3894 singularem

860 3907 1212 3982 virtutem
1284 3908 1705 3983 vestrorum
1733 3914 1766 3982 ‘l
1825 3911 1914 3984 Et
1976 3912 2298 3987 declarat
2356 3934 2458 4008 se,
2523 3915 2814 3990 dicens:
2877 3922 2952 3992 la
3004 3924 3208 4014 sama

859 4031 978 4101 che
1028 4031 1102 4101 la
1150 4037 1394 4103 vostra
1449 4051 1621 4104 casa
1683 4051 1943 4122 onora,
1996 4032 2200 4126 idest,
2268 4035 2771 4110 honorabilem
2839 4037 3074 4113 reddit
3132 4040 3209 4114 iu

861 4148 1362 4222 testimonium
1414 4149 1725 4245 virtutiS,
1794 4152 2010 4242 ,qrida
2067 4154 2096 4224 i
2150 4156 2449 4245 siynori,
2500 4154 2707 4249 idest,
2760 4157 3086 4234 celebrat
3135 4165 3211 4235 et

861 4266 1206 4360 praedicat
1257 4270 1717 4346 marchiones
1767 4271 2217 4368 MalaspinaS,
2258 4297 2295 4345 e
2343 4278 2557 4366 yrida
2610 4279 2683 4349 la
2733 4284 3108 4371 contracta,
3148 4274 3210 4355 si

862 4387 984 4459 che
1049 4408 1135 4459 m·
1195 4408 1281 4459 sa
1344 4390 1454 4462 chi
1517 4411 1661 4463 non
1735 4394 1804 4464 vi
1860 4397 1943 4486 fu
2011 4415 2301 4468 ancora.
2368 4395 2456 4468 Et
2524 4398 2627 4471 sic
2696 4398 2917 4494 fama,
2981 4422 3208 4495 quam

986 4574 1040 4635 (¹)
1073 4544 1135 4624 E.
1168 4575 1394 4625 domm·
1892 4577 1948 4642 (²)
1982 4580 2041 4630 E.
2076 4581 2140 4630 ad
2172 4582 2477 4643 custodiam,
2511 4582 2965 4649 concordiamque.
2998 4585 3084 4638 Et.

989 4651 1042 4714 (⁸)
1077 4652 1138 4703 E.
1171 4652 1514 4705 conturbavit.
1891 4657 1944 4718 (⁸)
1977 4656 2028 4707 S.
2060 4671 2091 4708 e
2122 4657 2185 4710 Ε.
2219 4673 2340 4711 suos
2371 4665 2425 4711 et
2455 4661 2839 4714 exaltationem.
