3704 5559
933 498 1071 564 530
1649 507 2061 561 coMENTUM
2111 505 2546 560 PURGA‘ronu

928 679 1055 750 sa3
1110 655 1281 749 quia
1344 673 1513 727 cum
1580 655 1815 727 elatus
1880 672 2220 725 successu
2281 668 2724 745 magnarum
2788 644 3268 719 victoriarum

926 781 1257 871 speraret
1316 774 1656 866 maioreS,
1709 772 1887 847 vidit
1936 770 2407 846 rebellionem
2461 767 2720 841 Siciliae
2768 773 2844 841 et
2892 765 3270 858 captivita-

931 902 1080 969 tem
1151 895 1272 968 filii
1325 894 1460 987 sui,
1514 892 1638 986 qui
1691 897 1977 985 poterat
2035 889 2339 963 interfici
2404 888 2479 960 in
2541 885 2930 962 vindictam
2990 884 3269 958 Conra-

929 1015 1101 1108 dini,
1137 1015 1196 1086 si
1247 1014 1470 1087 hostis
1522 1012 1868 1088 voluisset
1918 1011 2121 1085 abuti
2175 1009 2497 1103 victoria,
2534 1008 2722 1081 sicut
2770 1006 2924 1101 ipse
2974 1006 3265 1079 fecerat.

930 1135 1018 1207 Et
1070 1141 1408 1206 mortuus
1476 1138 1585 1206 est
1647 1153 1821 1205 cum
1889 1132 2163 1224 dolore,
2229 1130 2372 1204 filio
2439 1130 2682 1203 adhuc
2748 1132 3143 1201 carcerato.
3172 1164 3271 1177 —

944 1259 1196 1346 Tempo
1247 1256 1441 1343 ve99²
1466 1255 1557 1324 io.
1612 1251 1742 1324 Hic
1781 1252 1995 1345 Hugo
2047 1250 2259 1325 valde
2307 1252 2709 1324 detestatur
2759 1247 2975 1321 vilem
3029 1245 3271 1320 avari-

935 1373 1110 1446 tiam
1162 1372 1461 1446 alterius
1512 1370 1771 1445 Caroli.
1826 1372 1967 1443 Iste
2017 1369 2323 1443 Carolus
2371 1371 2462 1443 de
2514 1367 2753 1443 Valois
2804 1365 3271 1463 cognomina-

937 1498 1055 1564 tus
1108 1492 1264 1565 sine
1315 1497 1538 1584 terra,
1592 1491 1816 1564 frater
1867 1488 2169 1582 Philippi
2217 1487 2482 1582 Pulcri,
2521 1492 2824 1561 vocatus
2873 1485 2948 1557 in
2999 1483 3272 1558 italiam

936 1632 1067 1707 per
1127 1610 1581 1685 Bonifacium
1649 1608 1786 1682 sub
1854 1608 2152 1682 nomine
2204 1604 2623 1700 pacificandi
2680 1604 3145 1696 Florentiam,
3202 1610 3276 1676 et

938 1731 1239 1827 gerendi
1276 1731 1549 1805 bellum
1588 1735 1843 1803 contra
1871 1726 2213 1821 Siciliam,
2242 1725 2468 1820 ipsam
2506 1725 2947 1798 Florentiam
2983 1742 3276 1797 summe

937 1849 1390 1944 disturbavit,
1445 1856 1527 1921 ut
1600 1850 1815 1943 plene
1874 1846 2221 1941 scriptum
2286 1850 2394 1918 est
2462 1843 2727 1918 Inferni
2798 1844 3110 1939 capitulo
3161 1842 3275 1913 Vl.

936 1969 1211 2043 Deinde
1260 1980 1547 2044 armata
1598 1989 1869 2064 magna
1930 1968 2160 2040 classe
2212 1963 2405 2057 apud
2455 1961 2855 2056 Neapolim,
2906 1982 3076 2034 cum
3127 1961 3280 2034 Ro-

939 2089 1147 2162 berto
1217 2088 1360 2160 filio
1422 2086 1658 2160 Caroli
1694 2087 1753 2156 11
1805 2086 1934 2160 ivit
1995 2090 2252 2157 contra
2313 2081 2678 2174 Siciliam3
2747 2079 2872 2153 sed
2922 2078 2997 2152 in
3047 2079 3278 2170 brevi,

941 2207 1128 2279 facta
1182 2205 1520 2277 simulata
1574 2212 1646 2277 et
1698 2204 1949 2277 infami
2003 2224 2203 2296 pace,
2243 2221 2585 2276 reversus
2621 2207 2730 2274 est
2764 2200 2835 2272 in
2870 2199 3279 2291 Franciam,

941 2323 1222 2419 perdita
1273 2344 1541 2415 magna
1594 2328 1800 2416 parte
1852 2343 2006 2395 suae
2059 2320 2314 2416 gentis.
2361 2320 2522 2394 ldeo
2566 2320 2756 2393 bene
2804 2319 2877 2390 in
2930 2318 3090 2392 eius
3140 2318 3283 2390 im-

942 2441 1364 2536 properium
1430 2440 1707 2513 dictum
1778 2447 1933 2513 est:
1987 2440 2291 2513 Carolus
2355 2438 2555 2513 venit
2622 2437 2693 2509 in
2758 2437 3094 2509 Tusciam
3148 2456 3283 2530 pro

944 2581 1146 2656 pace,
1185 2566 1263 2634 et
1306 2560 1598 2653 reliquit
1648 2559 1741 2632 ibi
1794 2559 2113 2632 bellum:
2151 2564 2225 2632 et
2271 2557 2399 2630 ivit
2435 2556 2506 2629 in
2548 2556 2859 2629 Siciliam
2894 2576 3031 2650 pro
3066 2556 3284 2649 bello,

944 2686 1018 2754 et
1054 2680 1450 2774 reportavit
1483 2680 1651 2752 inde
1684 2678 2241 2775 ignominiosam
2282 2697 2559 2770 pacem.
2596 2675 2781 2749 Dicit
2816 2696 2997 2772 ergo
3030 2677 3280 2773 Hugo:

954 2807 1204 2893 Tempo
1256 2805 1451 2892 veyy'
1476 2804 1546 2873 io
1596 2822 1739 2872 non
1791 2802 2000 2871 molto
2050 2802 2234 2889 dopo
2286 2801 2516 2888 ancoi,
2569 2798 2742 2891 quia
2808 2817 2940 2892 per
3001 2819 3278 2872 annum

942 2926 1194 3016 postea
1246 2921 1381 2993 fuit
1432 2920 1622 2993 istud
1677 2921 1977 3013 factum,
2031 2921 2150 2990 che
2201 2924 2449 3006 trayqe
2491 2938 2587 2988 zm
2627 2920 2811 2989 altro
2854 2921 3065 2990 Carlo
3115 2923 3285 3011 suor

941 3042 1018 3113 di
1065 3044 1400 3131 Francia,
1455 3040 1629 3134 quia
1681 3040 1783 3113 sic
1850 3039 2040 3112 dicta
2098 3044 2209 3110 est
2264 3057 2310 3109 a
2368 3036 2745 3109 Francone
2811 3036 3021 3129 duce,
3073 3038 3188 3111 vel
3238 3058 3283 3110 a

943 3159 1344 3253 ferocitate,
1398 3158 1805 3232 secundum
1858 3158 2242 3250 Isidorum,
2289 3177 2423 3247 per
2467 3160 2594 3248 far
2642 3176 2970 3227 conoscer
3035 3160 3285 3246 meylio

944 3298 982 3348 e
1030 3274 1109 3348 se*
1153 3280 1208 3348 e’
1245 3282 1399 3350 suoi
1409 3303 1437 3368 ,·
1473 3278 1600 3370 qui
1653 3297 1846 3371 saepe
1895 3297 2028 3370 per
2078 3276 2459 3350 avaritiam
2514 3275 2729 3348 nimis
2778 3275 3283 3368 deliquerunt:

947 3394 1146 3486 quod
1198 3395 1544 3468 continuo
1579 3396 1925 3489 declarat,
1953 3416 2124 3468 cum
2160 3394 2367 3467 dicit:
2401 3397 2802 3466 senz’arme
2834 3397 3085 3485 n’esce,
3112 3393 3282 3487 quia

945 3512 1084 3584 sub
1136 3512 1343 3586 titulo
1394 3513 1815 3607 pacificandi
1869 3514 2092 3588 exivit
2141 3535 2185 3587 a
2236 3513 2564 3607 Francia,
2624 3519 2698 3586 et
2749 3533 2896 3586 non
2948 3533 3128 3585 usus
3176 3518 3285 3586 est

946 3634 1216 3728 apertis
1266 3634 1544 3708 viribus
1607 3655 1815 3708 more
1877 3635 2268 3730 gallorum,
2321 3633 2448 3707 sed
2510 3632 2786 3729 perfida
2836 3632 3281 3728 proditione;

948 3754 1145 3827 unde
1185 3753 1390 3827 dicit:
1428 3776 1465 3825 e
1495 3757 1646 3826 solo
1680 3774 1811 3826 con
1851 3757 1925 3825 la
1959 3756 2190 3825 lancia
2224 3774 2355 3825 con
2388 3756 2461 3824 la
2495 3755 2664 3844 qual
2698 3744 2968 3842 yiostrd
3010 3754 3236 3824 Giuda
3252 3776 3283 3842 ‚-

947 3876 1021 3946 et
1076 3872 1361 3946 videtur
1412 3873 1684 3967 optima
1736 3872 2234 3965 comparati03
2272 3872 2445 3966 quia
2479 3872 2667 3944 sicut
2703 3872 2927 3944 Judas
2976 3869 3285 3965 prodidit

949 3991 1317 4064 Christum
1371 4013 1504 4085 pro
1555 3992 1889 4087 pecunia,
1931 3991 2030 4064 ita
2076 3992 2210 4065 iste
2262 3999 2654 4086 corruptus
2695 3991 3005 4085 pecunia
3047 3990 3287 4086 prodi-

946 4110 1050 4183 dit
1100 4111 1574 4204 Bonifacium,
1629 4110 1756 4204 qui
1808 4117 2203 4184 vocaverat
2255 4130 2452 4184 eum.
2493 4109 2697 4183 Unde
2746 4109 2954 4183 dicit:
2990 4131 3028 4181 e
3062 4113 3287 4199 quella

940 4237 1187 4320 ponta,
1237 4231 1442 4325 idest,
1511 4229 1842 4325 impingit
1903 4228 2098 4302 illam
2162 4230 2518 4321 lanceam,
2580 4221 2640 4300 εὶ
2698 4231 2799 4300 οΙι’
2828 4249 2875 4300 α
2935 4231 3287 4301 Fiorenza

939 4351 1024 4441 fa
1072 4354 1400 4441 scoppiar
1450 4354 1521 4423 la
1574 4354 1857 4442 pancia.
1929 4350 2019 4420 Et
2076 4355 2184 4423 est
2251 4348 2746 4443 propriissima
2812 4347 3285 4443 comparatiO,

948 4468 1120 4563 quia
1172 4489 1262 4544 eo
1312 4477 1648 4565 tempore
1699 4468 2063 4543 Florentia
2115 4475 2276 4542 erat
2328 4470 2538 4542 valde
2581 4469 3034 4563 corpulenta,
3075 4466 3287 4561 plena

947 4589 1248 4683 civibuS,
1300 4589 1546 4663 inflata
1595 4588 1959 4683 superbia.
2007 4588 2096 4660 Et
2144 4587 2278 4662 iste
2326 4588 2631 4662 Carolus
2684 4586 2889 4660 scidit
2938 4606 3102 4660 eam
3154 4604 3287 4680 per
