3704 5559
867 469 1009 533 466
1592 477 1998 531 coMENTUM
2049 475 2487 529 PURGAToRn

866 624 1061 698 enim
1114 623 1386 697 accidia
1438 643 1648 696 amor
1699 621 2098 697 defectivus
2149 621 2319 694 boni
2361 620 2656 713 summi,
2695 620 2894 713 quod
2943 620 3253 694 arden-

864 744 1006 817 tius
1056 749 1308 838 petere
1367 743 1743 816 debemus.
1798 744 1922 815 Est
1990 762 2170 837 ergo
2232 740 2503 814 accidia
2567 739 2906 833 quaedam
2973 740 3249 834 negli-

864 863 1132 960 gentia,
1186 862 1536 958 tepiditas»,
1591 869 1662 937 et
1714 862 1922 957 quasi
1976 860 2610 957 contemptibilitas
2669 859 2760 933 ad
2822 859 3252 952 acquiren-

866 984 1043 1057 dum
1097 985 1372 1056 honum
1427 983 1850 1078 appetibile3
1895 986 2012 1074 qui
2060 986 2222 1054 ritco
2272 985 2335 1054 si
2383 984 2675 1071 riscora,
2713 979 2918 1073 idest,
2955 981 3029 1054 in
3082 980 3248 1053 isto

865 1104 1143 1178 circulo
1196 1106 1596 1199 suppletur,
1650 1112 1724 1178 et
1774 1104 2252 1196 emendatur3
2309 1102 2469 1175 ideo
2521 1101 2727 1174 dicit:
2802 1105 2920 1193 qui
2981 1105 3042 1174 si
3121 1105 3253 1174 ri-

867 1224 1043 1294 batte
1075 1226 1129 1294 il
1159 1225 1305 1295 mal
1343 1227 1624 1296 tardato
1659 1245 1899 1316 remo;
1935 1230 2007 1297 et
2044 1229 2153 1296 est
2188 1221 2480 1316 propria
2518 1221 2970 1314 metaphora.
3010 1221 3252 1294 Sicut

867 1341 1060 1416 enim
1114 1342 1238 1435 qui
1292 1343 1661 1438 navigavit
1687 1335 1759 1434 (¹)
1803 1343 1997 1417 lente
2048 1341 2120 1413 in
2167 1341 2284 1414 die
2320 1341 2608 1436 cogitur
2647 1340 3118 1433 frequentius
3153 1333 3240 1432 (²)

868 1462 1267 1538 verberare
1299 1484 1569 1555 aquam
1609 1485 1780 1537 cum
1812 1484 2043 1556 remo,
2072 1463 2131 1534 si
2161 1463 2317 1536 vult
2354 1469 2776 1536 restaurare
2810 1462 3007 1555 quod
3042 1482 3247 1556 per-

866 1583 1041 1656 didit
1091 1590 1165 1657 et
1216 1584 1603 1678 pervenire
1653 1583 1865 1657 citius
1925 1583 2018 1657 ad
2084 1590 2419 1677 portum3
2476 1583 2574 1655 ita
2626 1583 2848 1656 homo
2902 1582 3029 1675 qui
3085 1601 3244 1655 ne-

866 1703 1257 1798 gligentius
1315 1704 1390 1777 in
1443 1704 1591 1778 vita
1644 1704 1947 1778 tetendit
2011 1703 2083 1775 in
2148 1702 2451 1796 honum,
2516 1702 2804 1798 cogitur
2865 1701 3237 1775 solicitius

866 1842 1175 1897 currere
1226 1831 1386 1918 post
1438 1831 1752 1898 mortem
1809 1824 1882 1896 in
1935 1824 2071 1895 isto
2124 1822 2402 1895 circulo
2455 1828 2745 1915 quarto,
2787 1821 2975 1894 sicut
3015 1821 3240 1895 dice-

866 1947 989 2014 tur
1042 1942 1115 2015 in
1167 1944 1501 2037 sequenti
1555 1944 1893 2038 capitulo,
1924 1948 2194 2014 —Ma.
2232 1942 2360 2015 Hic
2399 1941 2741 2037 Virgilius
2793 1941 2966 2035 quia
3018 1942 3230 2015 sece-

869 2067 982 2133 rat
1036 2062 1392 2137 rationem
1428 2054 1499 2154 (³)
1555 2062 1648 2136 de
1696 2082 1956 2137 amore
2007 2062 2258 2136 dilatat
2305 2081 2385 2135 se
2437 2068 2510 2134 et
2569 2060 2891 2134 extendit
2941 2060 3029 2134 ad
3079 2061 3231 2134 de-

870 2182 1415 2256 terminandum
1471 2182 1826 2278 originem
1884 2189 1958 2256 et
2007 2203 2266 2255 causas
2318 2180 2515 2255 unde
2576 2188 2853 2275 septem
2913 2189 3229 2275 peccata

868 2300 1287 2394 principalia
1340 2301 1758 2395 procedant,
1795 2323 2116 2395 quorum
2154 2302 2486 2374 omnium
2542 2308 2652 2374 est
2694 2322 2915 2375 causa
2958 2322 3224 2395 amor;

872 2426 946 2492 et
988 2420 1403 2494 'summarie
1452 2421 1744 2496 videtur
1796 2421 2062 2514 dicere,
2118 2421 2315 2514 quod
2381 2421 2745 2515 superbia,
2807 2421 3070 2494 invidia
3144 2427 3227 2495 et

870 2539 979 2611 ira
1032 2539 1374 2613 oriuntur
1427 2563 1516 2615 ex
1569 2563 1826 2616 amore
1881 2541 2034 2615 sive
2075 2542 2395 2637 appetitu
2435 2543 2601 2615 mali
2640 2541 2713 2614 in
2747 2542 3222 2635 proximum:

868 2660 1143 2734 accidia
1196 2681 1288 2735 ex
1340 2661 1537 2737 lento
1585 2683 1847 2737 amore
1910 2662 2337 2758 cognitionis
2391 2668 2464 2735 et
2513 2661 3005 2754 acquisitionis
3059 2662 3221 2735 veri

869 2779 1076 2853 boni:
1115 2782 1397 2875 reliqua
1451 2783 1613 2877 tria,
1669 2783 1964 2876 scilicet,
2014 2782 2344 2875 avaritia,
2380 2782 2555 2877 gula
2597 2787 2669 2855 et
2724 2782 3042 2875 luxuria,
3082 2803 3221 2855 na-

867 2908 1177 2974 scuntur
1228 2924 1316 2977 ex
1374 2904 1747 3000 superfluo
1799 2924 2057 2977 amore
2110 2924 2255 2976 non
2306 2902 2460 2975 veri
2503 2902 2695 2974 boni.
2734 2903 2819 2974 Et
2867 2904 2967 2977 sic
3001 2924 3220 2978 amor

868 3042 1263 3115 perversus
1315 3030 1425 3098 est
1460 3025 1669 3119 origo
1706 3031 1780 3097 et
1817 3024 2023 3097 radix
2060 3022 2391 3095 omnium
2429 3028 2924 3117 peccatorum.
2965 3025 3218 3099 Primo

867 3160 1049 3237 ergo
1100 3143 1414 3216 ostendit
1474 3144 1847 3237 quomodo
1900 3143 2240 3237 Virgilius
2300 3142 2553 3216 fecerit
2621 3163 2795 3216 eum
2849 3151 3206 3218 attentum

866 3258 960 3332 ad
1011 3260 1223 3332 istam
1282 3261 1810 3336 distinctionem
1870 3262 2297 3355 faciendam,
2350 3263 2781 3357 promittens
2835 3263 2963 3336 sibi
3014 3263 3212 3336 utili-

867 3382 1094 3448 tatem
1151 3377 1330 3450 eius.
1385 3378 1589 3452 Unde
1639 3379 1841 3452 dicit:
1898 3386 2022 3452 Ma
2063 3375 2318 3473 perche*
2340 3377 2462 3472 pi&
2496 3389 2741 3475 aperto
2786 3385 3044 3455 intendi
3076 3404 3215 3454 an-

867 3515 1070 3585 cora,
1109 3496 1302 3569 ultra
1355 3497 1424 3569 id
1478 3498 1672 3590 quod
1725 3498 1869 3572 dixi
1923 3500 2015 3573 de
2067 3521 2346 3594 amore,
2386 3504 2573 3592 volyi
2621 3506 2692 3573 la
2745 3510 2963 3575 meme
2996 3524 3045 3574 α
3078 3525 3215 3595 me,

871 3616 1074 3710 idest,
1129 3618 1701 3711 speculationem
1769 3621 2164 3693 mentalem
2218 3620 2312 3693 ad
2368 3622 2593 3695 verba
2655 3642 2846 3716 mea,
2897 3645 2934 3694 e
2990 3646 3215 3716 pren-

870 3738 1078 3810 derat·
1129 3741 1335 3811 alcun
1404 3740 1587 3811 buon
1631 3745 1849 3834 fracto
1919 3744 1993 3812 di
2053 3750 2300 3813 nostra
2359 3744 2641 3814 dimon-a
2660 3769 2690 3836 ‚·
2750 3744 2848 3816 ita
2910 3745 3106 3837 quod
3138 3734 3209 3836 (⁴)

871 3880 1016 3933 non
1070 3860 1465 3954 perdemus
1519 3860 1729 3934 istam
1786 3869 2076 3935 noctem
2133 3883 2277 3954 qua
2335 3862 2693 3936 habemus
2747 3864 3019 3936 morari
3073 3864 3213 3938 hic.

869 3979 957 4050 Et
1007 3999 1184 4053 vere
1234 4001 1548 4075 magnus
1602 3979 1906 4073 sructuS‚
1946 3980 2118 4073 quia
2155 4001 2246 4053 ex
2286 3981 2421 4054 isto
2458 4002 2801 4056 sermone
2853 3983 3214 4079 colligitur

869 4106 1021 4173 tota
1074 4100 1309 4173 forma
1362 4107 1436 4174 et
1488 4101 1796 4194 qualitas
1848 4100 2277 4195 purgatorii,
2333 4109 2406 4175 et
2465 4102 2712 4176 omnia
2778 4109 3089 4177 tractata
3143 4110 3217 4177 et

870 4218 1245 4293 tractanda
1323 4219 1506 4292 fiunt
1583 4220 1949 4314 apertiora
2013 4220 2147 4294 ista
2212 4220 2665 4295 distinctione
2725 4221 2935 4295 facta.
2965 4263 3063 4275 —
3091 4217 3212 4296 Ne‘.

869 4336 999 4410 Hic
1050 4345 1265 4431 poeta
1316 4340 1627 4414 ostendit
1677 4341 1989 4435 qualiter
2030 4341 2371 4437 Virgilius
2406 4349 2858 4416 tractaturus
2902 4344 3216 4438 promis-

997 4527 1052 4588 (¹)
1082 4525 1132 4575 S.
1165 4528 1386 4590 navigat.
2024 4529 2078 4591 (¹)
2112 4529 2171 4578 Ε.
2206 4530 2528 4592 frequentius
2560 4532 2611 4579 in
2645 4536 2801 4581 nocte
2833 4531 3123 4581 verberare.

996 4600 1052 4663 (⁹)
1089 4607 1177 4653 117
1210 4617 1239 4654 e
1273 4604 1333 4654 E.
1367 4604 1490 4655 fecit
1520 4605 1854 4656 mentionem.
2021 4606 2074 4665 (⁵)
2108 4605 2168 4654 E.
2203 4605 2340 4669 quod
2374 4619 2466 4668 per
2498 4607 2598 4656 hoc
2629 4620 2735 4655 non
2768 4606 3060 4669 perdemus·
