3704 5559
830 483 974 548 224
1556 495 1967 550 COMENTUM
2016 495 2456 549 PURGA'ronu

825 638 1209 732 aequaliter
1262 638 1490 733 posita
1543 638 1733 713 inter
1774 639 2135 733 justitiam
2171 646 2247 713 et
2279 638 2880 713 misericordiam.
2928 641 3012 713 Et
3046 641 3176 715 de-

827 758 1076 832 scribit
1127 758 1634 833 excellentiam
1687 759 2050 833 dictorum
2084 754 2158 850 (¹)
2210 761 2670 855 angelorum,
2724 760 3010 834 dicens:
3049 763 3178 834 ben

823 880 1185 951 discernea
1235 883 1309 952 in
1343 883 1497 969 lor,
1550 879 1843 973 scilicet,
1896 879 2196 976 angeliS‚
2277 884 2351 953 la
2427 886 2596 952 testa
2654 881 2941 971 bionda,
2993 882 3176 956 idest

825 1019 1185 1093 auream3
1238 1006 1537 1094 propter
1588 1000 1786 1093 quod
1838 999 2111 1094 figurat
2162 998 2685 1091 perfectionem
2737 1001 3171 1096 angelicam,

825 1117 1015 1190 sicut
1047 1139 1321 1191 aurum
1358 1124 1470 1193 est
1502 1118 2111 1213 perfectissimum
2150 1119 2643 1211 metallorum,
2672 1139 2791 1190 ma
2818 1123 2992 1192 nelle
3016 1124 3177 1213 sac-

827 1239 927 1309 cie
977 1239 1270 1310 l’occlaeio
1309 1240 1373 1310 si
1419 1241 1762 1328 smarria,
1800 1244 2098 1331 propter
2133 1258 2521 1311 excessum
2564 1238 2964 1332 splendoris
3005 1257 3178 1334 pro-

827 1356 1147 1431 cedentis
1181 1379 1224 1431 a
1261 1357 1584 1432 faciebus
1636 1377 1923 1450 eorum,
1962 1377 2182 1450 quem
2231 1357 2490 1431 oculus
2544 1364 2790 1432 noster
2841 1358 3175 1432 infirmus

827 1480 1189 1554 sustinere
1223 1500 1369 1553 non
1405 1480 1634 1572 valet3
1673 1479 1833 1554 ideo
1870 1479 2075 1552 dicit:
2112 1500 2303 1551 come
2342 1474 2549 1562 ,verul
2587 1480 2688 1551 ch'
2715 1499 2763 1550 a
2816 1485 3065 1571 troppo
3114 1481 3178 1552 si

825 1604 1204 1696 consonda,
1248 1601 1435 1675 sicut
1470 1600 1702 1673 virtus
1751 1599 1981 1673 visiva
2039 1604 2396 1695 gravatur
2455 1598 2548 1672 ad
2608 1598 2899 1686 radium
2961 1600 3169 1691 solis3

823 1728 897 1796 et
946 1721 1038 1795 de
1087 1721 1196 1794 rei
1247 1720 1556 1795 veritate
1606 1719 2017 1792 intellectus
2054 1724 2301 1791 noster
2336 1737 2529 1811 saepe
2581 1718 2961 1811 alteratur,
3015 1739 3163 1791 non

823 1842 1074 1916 valens
1126 1859 1432 1915 cernere
1481 1839 1596 1913 vel
1637 1837 2263 1931 comprehendere
2301 1837 2871 1931 profunditatem
2906 1838 3168 1911 divinae

814 1961 1115 2056 justitiae
1176 1960 1295 2034 vel
1356 1957 1896 2032 misericordiae.
1950 1957 2039 2029 Et
2097 1957 2407 2031 ostendit
2469 1957 2793 2031 officium
2857 1957 3165 2031 istorum

823 2083 1288 2177 angelorum,
1339 2080 1632 2154 dicens:
1686 2083 1869 2152 disse
1918 2083 2262 2171 Sordell0,
2315 2081 2490 2153 mihi
2558 2081 2947 2156 admiranti
3008 2081 3163 2155 illos

824 2203 1165 2297 angelos:
1220 2200 1425 2271 ambo
1475 2220 1746 2290 veynon
1781 2201 1895 2271 del
1922 2200 2211 2289 yrembo
2245 2202 2321 2272 di
2356 2203 2624 2292 Maria,
2660 2202 2866 2296 idest,
2909 2223 2952 2275 a
2993 2202 3168 2295 De0‚

829 2321 955 2415 qui
1008 2340 1139 2415 per
1189 2320 1489 2393 Mariam
1541 2320 1708 2394 fecit
1749 2320 2107 2414 justitiam
2175 2326 2248 2394 et
2307 2321 2885 2396 misericordiam
2938 2322 3170 2418 nobis,

819 2442 1026 2515 *unde
1076 2441 1231 2514 sine
1281 2440 1504 2514 Maria
1564 2461 1710 2513 non
1771 2445 1961 2514 esset
2022 2441 2584 2536 purgatorium3
2637 2462 2817 2537 ergo
2878 2442 3067 2515 bene
3123 2462 3168 2515 a

826 2562 1051 2636 Maria
1103 2561 1302 2635 venit
1353 2560 1560 2634 nobis
1592 2560 1978 2654 auxilium,
2015 2559 2088 2632 in
2123 2562 2334 2654 cuius
2369 2561 2662 2635 laudem
2696 2561 2971 2634 dictum
3015 2569 3163 2635 est:

835 2688 1043 2771 Quem
1077 2673 1153 2774 (²)
1206 2689 1381 2754 totus
1457 2684 1753 2754 mundus
1827 2701 2079 2772 capere
2145 2701 2290 2753 non
2345 2688 2654 2772 poterat,
2720 2689 2835 2754 tuo
2896 2683 3168 2772 qremio

826 2805 1186 2876 contulisti.
1254 2804 1340 2875 Et
1412 2822 1586 2875 ecce
1644 2801 1738 2875 ad
1790 2802 2010 2895 quid:
2065 2822 2113 2872 a
2160 2803 2471 2891 ,quardia
2530 2803 2712 2874 della
2760 2805 2966 2893 valle,
3034 2823 3169 2897 pro

823 2947 972 3021 qua
1022 2922 1449 3018 intelligitur
1500 2922 1705 2995 vallis
1757 2921 1890 2995 ista
1945 2922 2279 3014 miseriae,
2315 2943 2448 3013 per
2493 2925 2561 2994 lo
2609 2931 2948 3014 serpente,
2985 2922 3167 2997 idest

823 3043 1298 3121 tentationem
1349 3041 1636 3134 diaboli,
1691 3040 1817 3134 qui
1870 3040 2248 3114 insidiatur
2300 3041 2649 3116 fallaciter
2699 3042 3164 3117 tendentibus

820 3166 914 3240 ad
965 3161 1514 3258 poenitentiam:
1569 3160 1860 3233 daemon
1911 3161 2109 3233 enim
2161 3160 2233 3232 in
2287 3160 2527 3254 specie
2589 3162 2945 3257 serpentis
3006 3168 3164 3235 ten-

822 3283 1001 3358 tavit
1052 3282 1325 3375 primos
1376 3285 2077 3375 parentesnostros,
2124 3279 2211 3353 Et
2260 3280 2377 3354 hic
2427 3287 2602 3355 nota
2653 3281 2851 3375 quod
2901 3281 3167 3356 animae

821 3404 1130 3477 istorum
1185 3421 1353 3495 quae
1412 3399 1739 3473 nondum
1793 3399 2257 3473 intraverunt
2305 3401 2818 3496 purgatorium
2860 3409 3163 3497 possunt

823 3519 1113 3614 tentari,
1165 3527 1246 3593 ut
1296 3519 1413 3593 hic
1465 3518 1774 3612 dicitur3
1827 3519 1954 3593 sed
2004 3519 2272 3593 animae
2322 3520 2793 3594 existentium
2848 3520 2920 3594 in
2983 3543 3165 3615 pur-

821 3642 1131 3740 gatorio,
1185 3661 1355 3733 non,
1419 3645 1499 3713 ut
1559 3645 1756 3733 patet
1817 3638 2003 3713 infra
2062 3639 2380 3734 capitulo
2432 3641 2549 3713 XI.
2616 3643 2703 3715 Et
2769 3641 2986 3716 dicit:
3047 3643 3166 3716 che

823 3754 1039 3838 verrd
1087 3765 1205 3837 via
1255 3763 1399 3851 via,
1449 3760 1655 3853 idest,
1708 3780 1906 3834 nunc
1957 3780 2175 3854 nunc,
2229 3761 2402 3853 quia
2453 3761 2625 3835 facit
2677 3761 3023 3835 ultimum
3074 3763 3166 3837 de

818 3882 1164 3981 potentia,
1218 3887 1301 3955 ut
1351 3886 1649 3956 revocet
1700 3878 2362 3974 appropinquantes
2412 3881 2504 3954 ad
2554 3888 2841 3976 portam
2888 3904 3165 3978 purga-

817 4006 984 4080 torii
1035 4026 1081 4078 a
1130 4003 1325 4077 bono
1373 4001 1761 4096 proposita
1814 4000 1904 4072 Et
1953 4000 2319 4074 concludit
2360 3999 2706 4075 effectum
2758 4002 3162 4077 verborum

818 4125 1123 4202 Sordelli
1175 4144 1268 4198 ex
1320 4129 1527 4217 parte
1578 4121 1715 4214 sui,
1756 4120 2036 4194 dicens:
2080 4123 2243 4193 ond'
2269 4124 2339 4193 io
2389 4124 2508 4193 che
2558 4142 2703 4194 non
2736 4143 3003 4214 sapeva
3028 4143 3164 4214 per

817 4250 986 4338 qual
1032 4246 1230 4335 ealle,
1282 4243 1559 4337 supple,
1613 4248 1973 4316 venturus
2024 4246 2214 4315 esset
2264 4261 2586 4336 serpem,
2629 4240 2803 4334 quia
2854 4241 3162 4316 tentatio

819 4365 1018 4441 venit
1078 4363 1387 4456 occulta,
1453 4368 1528 4435 et
1600 4361 1964 4435 subintrat
2036 4362 2369 4456 latenter,
2432 4365 2529 4434 mi
2602 4363 2779 4435 volsa·
2848 4364 3157 4454 interna,

946 4617 1002 4679 (¹)
1036 4621 1141 4676 117,
1175 4616 1397 4665 istorum
1431 4616 1755 4680 angelorum.
2002 4615 2057 4677 ι’)
2090 4615 2150 4664 Ε.
2192 4616 2352 4679 Quem
2381 4617 2490 4666 coli
2519 4629 2695 4680 mpero
2723 4628 2830 4664 non
2854 4619 3106 4678 poteram.
