3704 5559
866 474 958 540 34
1584 484 1992 538 COMENTUM
2045 483 2486 537 PURGA‘roRu

860 650 1097 722 quare
1122 630 1299 704 Cato
1336 650 1482 703 non
1518 627 1758 722 potius
1786 628 2232 722 procurabat
2266 626 2679 701 interficere
2704 629 2941 722 primo
2970 630 3206 726 ipsum

860 756 1280 845 tyrannum,
1335 749 1521 822 sicut
1572 748 1741 821 fecit
1778 748 2052 820 Brutus
2088 768 2318 843 gener
2361 749 2544 841 eius,
2590 748 2719 841 qui
2772 752 3007 823 multo
3052 774 3212 826 ma-

859 869 1274 965 gnanimior
1326 868 1601 942 Catone
1651 867 1892 962 primo
1944 867 2304 940 interfecit
2351 867 2740 962 Caesarem,
2794 870 3053 944 deinde
3103 871 3212 945 vi-

866 989 1091 1063 riliter
1143 988 1516 1086 pugnavit,
1572 995 1645 1061 et
1711 987 2012 1061 demum
2076 1009 2156 1061 se
2215 987 2598 1081 interfecit,
2653 1010 2745 1062 ne
2799 989 3079 1064 veniret
3141 992 3212 1063 in

862 1131 1125 1182 manus
1186 1109 1597 1183 crudelium
1656 1108 2003 1201 hostium,
2071 1108 2170 1182 ita
2241 1108 2439 1201 quod
2507 1108 2764 1182 habuit
2821 1109 3211 1204 justiorem

862 1249 1164 1302 causam
1217 1228 1586 1302 occidendi
1639 1249 1719 1301 se
1771 1249 1998 1321 quam
2052 1229 2250 1301 Cato.
2290 1227 2532 1301 Caesar
2576 1228 2772 1301 enim
2826 1234 3208 1322 tamquam

864 1348 1298 1422 naturaliter
1364 1350 1708 1441 clemens,
1780 1348 2002 1423 etiam
2072 1347 2144 1419 in
2212 1348 2366 1441 ipso
2431 1347 2699 1421 ardore
2748 1348 2916 1421 belli
2984 1349 3209 1423 civilis

863 1468 1158 1562 optabat
1210 1469 1522 1541 salutem
1561 1468 1884 1541 duorum
1929 1466 2403 1561 optimorum,
2450 1467 2718 1541 scilicet
2760 1467 3050 1541 Catonis
3091 1492 3210 1543 sa-

860 1586 1307 1682 pientissimi,
1355 1594 1427 1660 et
1479 1587 1845 1662 Ciceronis
1883 1586 2494 1679 eloquentissimi3
2533 1594 2607 1660 et
2641 1594 2843 1660 certe
2879 1588 3210 1663 Ciceroni

861 1706 1468 1779 clementissimus
1512 1707 1667 1798 suit,
1706 1705 1825 1779 cui
1878 1712 2039 1799 post
2074 1706 2355 1779 cladem
2395 1706 2850 1780 thessalicam
2889 1709 3208 1803 scripsit:

861 1830 1104 1897 Marce
1164 1829 1363 1917 Tulli,
1416 1828 1580 1898 bene
1628 1846 1922 1917 sperare
1973 1832 2033 1897 te
2062 1826 2298 1915 jubeo.
2345 1827 2576 1899 Morte
2627 1833 2875 1899 autem
2920 1827 3211 1902 Catonis

859 1945 1133 2039 audita,
1197 1946 1430 2039 inquit
1490 1946 1778 2019 Caesar:
1854 1949 2023 2017 Cato
2086 1948 2334 2018 invidit
2387 1949 2638 2036 ylorioe
2698 1968 2894 2037 meae,
2962 1956 3029 2020 el
3083 1970 3211 2039 eqo

861 2086 1005 2138 suae
1066 2070 1360 2138 inm'deO.
1426 2067 1511 2138 Et
1575 2073 1824 2139 tamen
1877 2066 2154 2139 Tullius
2222 2086 2353 2160 per
2423 2067 2693 2139 multos
2752 2088 2982 2141 annos
3043 2076 3213 2143 ante

861 2185 1147 2258 dixerat
1198 2186 1651 2259 contrarium
1706 2185 1796 2260 de
1849 2193 2090 2259 morte
2142 2185 2577 2277 voluntaria,
2630 2186 2721 2258 VI
2779 2188 2872 2261 de
2933 2210 3017 2262 re
3073 2211 3213 2284 pu-

862 2303 1072 2377 blica.
1128 2304 1406 2378 Seneca
1458 2311 1707 2378 autem
1771 2292 2202 2379 mirabiliter
2233 2298 2304 2397 (¹)
2374 2305 2839 2379 commendat
2870 2299 2942 2398 (²)
3010 2330 3213 2383 mor-

865 2433 1015 2499 tem
1052 2426 1366 2520 Catonis,
1402 2431 1474 2499 et
1526 2426 1819 2499 inclinat
1855 2426 1927 2498 in
1969 2427 2404 2500 sententiam
2452 2426 2706 2500 mortis
2740 2428 3209 2503 voluntariae:

863 2546 991 2619 sed
1041 2553 1244 2619 certe
1297 2548 1526 2619 multa
1580 2546 1770 2620 bene
1819 2546 2012 2619 dicta
2063 2567 2199 2619 sua
2250 2547 2392 2620 hoc
2445 2567 2593 2619 uno
2646 2547 2838 2620 male
2870 2546 3061 2623 dicto
3104 2549 3214 2621 ni-

863 2665 1002 2739 mis
1054 2666 1456 2740 enormiter
1509 2666 1903 2740 maculavit
1936 2656 2034 2756 (³).
2089 2665 2206 2739 Sic
2268 2686 2447 2762 ergo
2508 2666 2715 2761 peius
2766 2666 2931 2740 fecit
2982 2689 3208 2760 quam

863 2786 1162 2880 TulliuS,
1191 2787 1364 2879 quia
1392 2787 1839 2861 tolerabilius
1868 2793 1975 2860 est
2004 2807 2340 2861 errorem
2370 2807 2753 2881 excusare,
2783 2809 3010 2880 quam
3047 2790 3212 2862 lau-

861 2906 1060 2980 dare.
1115 2906 1568 3003 Augustinus
1619 2927 1799 2981 vero
1840 2906 2113 3000 justius
2177 2914 2249 2980 et
2311 2907 2558 2980 verius
2621 2914 2938 2981 mortem
3001 2908 3212 2981 istam

861 3026 1163 3099 damnat
1212 3033 1286 3099 et
1336 3034 1657 3119 accusat,
1710 3026 1950 3119 primo
2001 3027 2094 3100 de
2147 3026 2452 3100 Civitate
2503 3026 2654 3119 Dei,
2700 3026 2894 3100 circa
2943 3027 3215 3122 princi-

779 3124 787 3132 ’
863 3144 1092 3238 pium,
1145 3145 1521 3239 eleganter
1573 3144 1948 3239 disputans
1999 3153 2255 3219 contra
2298 3166 2472 3220 eum
2518 3146 2763 3218 multis
2796 3147 3213 3239 persuasio-

865 3263 1079 3335 nibus
1131 3262 1362 3335 claris.
1418 3263 1668 3336 Omnis
1720 3265 1914 3337 enim
1972 3266 2090 3338 lex
2146 3272 2294 3337 tam
2346 3254 2673 3337 humana
2709 3285 2935 3357 quam
2971 3265 3213 3338 divina

864 3382 1201 3477 probibet
1250 3384 1724 3456 homicidium
1780 3384 1959 3458 fieri.
2006 3383 2078 3456 Si
2132 3384 2356 3479 igitur
2392 3405 2537 3457 non
2575 3384 2739 3458 licet
2772 3384 3049 3458 homini
3086 3404 3214 3458 oc-

865 3502 1111 3576 cidere
1162 3504 1560 3598 hominem,
1617 3507 1849 3578 multo
1903 3505 2146 3577 minus
2208 3525 2353 3578 non
2417 3504 2582 3577 licet
2641 3504 2976 3579 occidere
3006 3493 3078 3596 (⁴)
3134 3525 3215 3578 se

863 3622 1289 3716 hominem3
1343 3624 1507 3698 ideo
1559 3626 1824 3698 merito
1878 3624 2178 3718 quidam
2231 3624 2368 3696 viri
2421 3624 2780 3718 sapientes
2827 3624 3040 3697 amici
3077 3625 3216 3698 Ca-

865 3741 1054 3816 tonis
1107 3743 1296 3818 istud
1336 3736 1409 3837 (5)
1464 3745 1739 3819 factum
1807 3766 1954 3819 non
2014 3745 2527 3838 laudaverunt,
2592 3744 2942 3837 quoniam
3009 3746 3212 3818 nullo

865 3863 1085 3936 modo
1136 3864 1315 3938 Cato
1373 3871 1591 3959 turpe
1642 3864 1997 3959 judicavit
2055 3864 2309 3939 vivere
2374 3865 2511 3938 sub
2564 3865 2852 3939 Caesare
2911 3865 3210 3939 victore.

865 3983 1015 4056 Cur
1057 3984 1252 4057 enim
1291 3984 1422 4057 fuit
1455 3990 1674 4058 autor
1711 3984 1916 4057 istius
1958 3983 2423 4078 turpitudinis
2459 3984 2836 4057 carissimo
2872 3983 3017 4055 filio
3052 4003 3212 4075 suo,

865 4103 984 4176 cui
1037 4104 1382 4198 praecepit
1434 4111 1516 4177 ut
1545 4105 1813 4183 omnia
1865 4104 1959 4178 de
2008 4104 2313 4178 Caesaris
2347 4103 2794 4200 benignitate
2835 4107 3214 4196 speraret?

866 4222 938 4295 Si
991 4223 1184 4296 enim
1240 4225 1656 4317 Torquatus
1694 4225 2155 4299 laudabiliter
2189 4224 2449 4298 occidit
2486 4222 2738 4316 filium,
2777 4222 2946 4296 licet
2987 4222 3216 4296 victo-

993 4435 1047 4495 (¹)
1083 4439 1188 4494 ¹¹⁷,
1223 4436 1509 4485 moraliter·
2172 4438 2227 4500 (¹)
2260 4439 2312 4489 S.
2348 4439 2674 4488 condemnat.

993 4510 1048 4572 (²)
1082 4512 1143 4560 Ε·
1177 4512 1456 4562 mflculavss
1489 4527 1568 4563 se:
1602 4527 1746 4578 ergo·
2172 4515 2226 4578 (⁸)
2259 4518 2310 4567 S.
2345 4517 2583 4567 occidere
2616 4528 2702 4576 se;
2736 4515 2870 4565 ideo.

994 4589 1050 4651 (⁸)
1084 4591 1191 4647 117,
1226 4603 1330 4639 nou
1364 4590 1499 4640 istud
1532 4591 1889 4643 laudaverunt.
