3704 5559
1304 482 1579 538 CAN‘rns
1627 484 1960 549 Qum'rus.
2658 472 2794 538 143

458 628 652 703 fama
706 635 833 702 tua
878 648 1023 701 non
1073 627 1515 722 praedicatur
1555 629 1649 703 ab
1690 629 1899 705 aliis?
1934 635 2010 703 et
2060 638 2358 723 reputas
2414 636 2493 702 tu
2545 630 2672 704 tibi
2707 631 2799 703 ad

456 750 764 846 gloriam
828 749 886 822 si
953 750 1381 822 monstraris
1440 749 1661 845 digito
1745 749 1818 822 in
1892 750 2186 844 popul0,
2264 756 2337 824 et
2396 749 2488 823 de
2550 756 2625 824 te
2688 749 2795 823 di-

454 876 665 944 catur
716 869 905 944 inter
958 869 1326 943 homines:
1379 870 1506 942 Hic
1549 874 1659 944 est
1710 869 1876 943 ille?
1924 869 2028 941 Ad
2083 869 2531 963 propositum
2588 889 2793 965 erg0,

452 992 611 1066 vult
662 1011 858 1064 nunc
907 990 1249 1086 Virgilius
1310 990 1556 1064 dicere
1617 989 2313 1083 Danti:.popularis
2376 1009 2582 1062 aurae
2653 988 2796 1062 vile

456 1109 899 1205 mancipium
953 1130 1098 1182 non
1153 1116 1225 1184 te
1276 1115 1570 1183 moveat
1620 1109 1820 1205 vulgi
1874 1115 2174 1201 stupor3
2216 1128 2385 1182 nam
2426 1107 2688 1180 melius
2723 1113 2798 1181 et

453 1230 683 1303 tutius
733 1236 841 1304 est
893 1228 1052 1303 fieri
1103 1231 1388 1303 clarum
1443 1230 1735 1322 virtute,
1773 1249 1999 1322 quam
2056 1227 2251 1302 sama
2302 1228 2581 1302 talium.
2637 1229 2795 1301 Non

454 1355 561 1424 est
612 1369 792 1423 vera
826 1349 1075 1441 vvirtus
1117 1348 1236 1421 cui
1272 1349 1770 1422 testimonium
1807 1348 2268 1422 conscientiae
2306 1368 2449 1420 non
2502 1347 2789 1421 sufficit.

452 1466 538 1540 Et
587 1467 711 1541 dat
760 1468 1099 1564 Virgilius
1149 1468 1509 1561 optimum
1562 1467 1945 1541 consilium
2017 1466 2251 1560 Danti,
2304 1467 2589 1541 dicens:
2643 1470 2796 1540 vien

452 1590 677 1662 dielro
726 1609 773 1660 a
824 1610 957 1679 me,
1011 1588 1132 1681 qui
1187 1588 1379 1661 duco
1432 1594 1506 1661 te
1555 1587 1648 1662 ad
1714 1587 2086 1681 virtutem,
2141 1607 2285 1660 non
2343 1587 2435 1660 ad
2499 1587 2793 1660 inanem

450 1708 765 1805 gloriam
814 1708 1124 1781 istorum
1181 1708 1458 1799 vilium,
1511 1707 1721 1801 quasi
1772 1707 2011 1780 dicat:
2078 1708 2379 1781 consule
2434 1706 2793 1801 judicium

455 1828 774 1922 rationiS‚
812 1849 959 1901 non
994 1828 1217 1923 vulgi,
1254 1828 1327 1900 in
1364 1827 1848 1901 examinando
1886 1834 1991 1920 te;
2030 1827 2223 1900 unde
2257 1826 2463 1899 dicit:
2502 1847 2539 1898 e
2573 1828 2792 1898 las-cia

452 1951 570 2022 dir
620 1952 683 2021 le
729 1952 940 2039 ρεητί,
993 1949 1331 2042 quotiens
1382 1955 1596 2041 putas
1648 1948 1786 2021 hoc
1847 1946 2192 2021 accidisse
2251 1953 2502 2018 nostro
2562 1952 2797 2039 poetae

456 2067 634 2142 dum
705 2068 1050 2141 transiret
1119 2088 1251 2161 per
1285 2136 1288 2139 ,
1320 2074 1554 2140 terras
1621 2067 1866 2159 Italiae,
1937 2067 2130 2160 quod
2200 2065 2394 2139 oculi
2461 2063 2795 2137 omnium

456 2182 1078 2262 convertebantur
1153 2188 1225 2259 in
1294 2207 1470 2260 eum
1548 2192 1623 2260 et
1695 2168 1829 2260 ora
1896 2186 2227 2258 omnium
2307 2168 2797 2277 loquebantur

456 2307 550 2382 de
599 2328 713 2402 e0‚
764 2314 840 2383 et
889 2308 1041 2403 ipse
1091 2308 1163 2380 in
1221 2307 1470 2381 animo
1534 2305 2032 2400 complacebat
2097 2304 2248 2377 sibi.
2304 2304 2472 2377 Ideo
2539 2308 2794 2375 contra

455 2436 762 2511 ventum
814 2429 1032 2501 istum
1086 2428 1295 2501 dicit:
1346 2430 1501 2518 sta’,
1528 2447 1718 2498 come
1751 2433 1969 2516 torre,
2005 2429 2260 2517 ferm0,
2298 2424 2568 2496 scilicet
2618 2442 2797 2495 con-

453 2555 651 2623 stans
701 2556 774 2624 et
823 2549 1049 2642 fortis,
1099 2551 1219 2620 che
1268 2569 1407 2619 non
1461 2550 1685 2619 crolla
1733 2548 2074 2635 qiammai
2122 2548 2197 2616 la
2243 2547 2451 2634 eima,
2487 2543 2674 2615 sicut
2711 2547 2794 2613 tu

455 2669 801 2745 volvebas
850 2670 1070 2742 modo
1121 2674 1362 2762 caput,
1408 2689 1542 2758 per
1591 2669 1841 2760 soffiar
1899 2668 1974 2738 di
2028 2667 2233 2754 venti,
2285 2664 2488 2754 idest,
2540 2661 2795 2757 gloriae

454 2809 884 2883 vanaequae
938 2796 1136 2864 recte
1185 2788 1627 2861 assimilatur
1678 2791 1921 2877 vento,
1966 2789 2048 2857 ut
2098 2784 2381 2856 dicetur
2434 2781 2660 2854 infra:
2714 2788 2790 2855 et

453 2909 789 3005 assignat·
822 2929 1122 2982 causam
1152 2907 1290 2981 sui
1341 2906 1509 2980 dicti
1560 2905 1852 2978 dicens:
1906 2895 2025 2976 che
2073 2922 2347 2992 sempre
2395 2903 2440 2973 l'
2465 2920 2673 2972 nomo
2721 2902 2793 2972 in

457 3031 567 3102 αιί
585 3032 870 3122 pen-sier
900 3031 1284 3120 rampolla,
1320 3027 1524 3120 idest,
1560 3025 1976 3120 repullulat,
2003 3043 2221 3114 sopra
2246 3023 2552 3112 pensier,
2588 3020 2792 3113 quasi

459 3146 695 3222 dicat:
749 3148 1042 3241 quando
1093 3146 1504 3242 cogitamen
1532 3138 1606 3236 (¹)
1663 3164 1940 3218 vanum
2001 3141 2323 3214 nascitur
2390 3159 2613 3234 supra
2673 3158 2801 3213 co-

461 3268 803 3366 gitamen-
837 3269 1113 3350 bonum
1169 3266 1463 3360 impedit
1514 3263 2069 3359 acquisitionem
2105 3260 2352 3355 primi3
2394 3259 2556 3334 ideo
2591 3259 2793 3333 dicit:

462 3389 562 3463 da
608 3409 682 3461 se
729 3391 1020 3478 dilunya
1068 3390 1124 3460 il
1169 3407 1409 3476 seyne,
1471 3385 1675 3477 idest,
1738 3382 1957 3456 finem
2012 3379 2503 3475 principaliter
2563 3377 2801 3452 inten-

463 3512 648 3601 tum,
701 3507 910 3599 quasi
958 3507 1171 3600 dicat,
1224 3503 1459 3600 perdit
1530 3502 2008 3576 substantiam
2072 3520 2206 3594 pro
2258 3498 2674 3590 accidente;
2728 3501 2801 3570 et

460 3643 634 3701 ecce
685 3646 963 3719 quare:
1009 3621 1265 3717 perche*
1310 3627 1385 3695 la
1438 3623 1640 3716 soya,
1692 3620 1896 3713 idest,
1949 3638 2317 3713 pressura,
2378 3619 2464 3689 de
2513 3619 2557 3688 l’
2584 3617 2800 3705 alem,

462 3744 755 3838 scilieet,
804 3745 1256 3841 cogitaminis
1307 3741 1741 3817 secundario
1790 3737 2261 3830 advenientis,
2302 3739 2558 3808 insolla
2605 3738 2650 3808 l’
2675 3756 2798 3825 un,

463 3862 668 3959 idest,
703 3864 962 3960 privat,
997 3864 1116 3939 vel
1148 3862 1469 3937 debilitat
1503 3861 1848 3955 primum.
1872 3899 1971 3911 —
1995 3860 2127 3928 Che
2149 3862 2386 3948 polea.
2423 3854 2551 3927 Hic
2586 3858 2800 3947 poeta

462 3983 772 4058 ostendit
808 3995 1051 4058 ‘suam
1120 3983 1392 4056 bonam
1462 3978 1995 4053 correctionem
2064 3975 2156 4048 ad
2226 3973 2799 4068 increpationem

460 4099 757 4199 Virgilii,
809 4102 982 4197 quia
1032 4101 1201 4177 fecit
1251 4119 1461 4173 more
1511 4097 1684 4172 boni
1718 4095 1878 4188 viri,
1916 4095 2225 4188 quinon
2277 4092 2696 4189 indignatur
2731 4099 2807 4167 et

462 4241 612 4297 non
661 4221 914 4296 nititur
964 4240 1325 4297 excusare
1375 4238 1710 4294 errorem
1761 4237 2010 4309 suum,
2047 4215 2197 4289 imo
2251 4219 2683 4289 reverenter
2732 4219 2809 4290 et

466 4341 868 4437 prudenter
901 4341 1191 4415 subiicit
1240 4361 1320 4415 se
1370 4335 1805 4413 correctioni
1858 4341 1933 4409 et
1981 4341 2192 4430 paret
2240 4341 2626 4431 praecepto.
2680 4335 2806 4408 Di-

587 4594 643 4656 (¹)
674 4594 737 4644 E.
769 4594 1060 4658 cogitamen
1090 4598 1327 4644 nostrum
1358 4606 1568 4643 vanum.
