3704 5559
857 518 996 584 166
1582 527 1988 582 commum
2037 527 2476 582 PURGATonn

853 906 1136 976 CANTU
1140 906 1184 974 S
1243 906 1592 987 SEXTUS,
1652 906 1727 972 in
1783 924 1904 989 quo
1966 909 2201 971 tractat
2255 904 2333 970 de
2391 903 2621 971 eisdem
2674 903 3050 988 royam‘t‘bus
3095 924 3198 970 eos

995 1026 1360 1103 peccatores
1393 1040 1519 1102 pro
1566 1019 1688 1100 eis,-
1738 1022 1798 1084 et
1827 1022 2173 1100 postquam
2217 1016 2635 1083 discesserunt
2680 1016 2760 1080 ab
2807 1018 2899 1082 eis
2940 1017 3196 1084 invene-

1006 1137 1161 1197 rwnt
1220 1131 1549 1215 quemdam
1605 1135 2022 1195 mantuanum
2085 1130 2274 1195 civem
2330 1133 2615 1195 vocatum
2672 1125 3026 1195 Sordezlum
3093 1131 3203 1213 qui

1006 1248 1342 1309 veneratus
1386 1248 1479 1308 cst
1524 1261 1661 1323 6033
1710 1246 1770 1308 et
1799 1244 2072 1323 propter
2117 1238 2229 1305 hoc
2273 1239 2428 1305 dicit
2471 1238 2722 1305 Damtes
2749 1238 2949 1305 multa
2979 1245 3199 1306 contra

1005 1358 1201 1419 totam
1244 1352 1508 1418 Italiam
1552 1357 1612 1419 et
1655 1352 1969 1418 civitatem
2012 1350 2384 1417 Florentiae.

1017 1651 1440 1859 QUANDO
1486 1748 1551 1817 si
1593 1752 1800 1837 parte
1830 1747 1886 1816 il
1913 1747 2161 1834 yiuoco
2195 1745 2380 1816 della
2419 1764 2627 1815 zara.
2681 1744 3074 1836 Postquam
3128 1741 3200 1814 in

852 1867 1213 1963 superiori
1268 1865 1583 1961 capitulo
1634 1864 1973 1960 proxime
2025 1864 2464 1959 praecedenti
2504 1870 2720 1958 poeta
2754 1869 3002 1937 noster
3051 1868 3204 1934 tra-

854 1987 1076 2061 ctavit
1127 1993 1200 2062 et
1234 1985 1748 2059 determinavit
1784 1984 1877 2059 de
1914 1990 2181 2079 quarta
2217 1985 2458 2078 specie
2503 1984 2885 2059 tardorum
2918 1983 3011 2057 ad
3047 2002 3206 2077 poe-

857 2105 1234 2180 nitentiam
1309 2110 1857 2199 praeventorum
1933 2109 2175 2178 morte
2243 2104 2608 2198 violenta3
2681 2125 2877 2178 nunc
2947 2122 3206 2177 conse-

856 2231 1171 2318 quenter
1222 2224 1295 2297 in
1347 2225 1483 2298 isto
1534 2224 1624 2299 VI
1676 2224 1997 2319 capitulo
2040 2225 2480 2299 immoratur
2521 2225 2762 2299 adhuc
2814 2225 2888 2297 in
2942 2224 3201 2299 eadem

858 2344 1208 2418 materia:
1253 2350 1329 2418 et
1360 2364 1682 2439 praesens
1717 2343 2248 2438 pulcerrimum
2284 2345 2686 2439 capitulum
2715 2350 2950 2438 potest
2983 2341 3200 2415 dividi

858 2462 931 2537 in
968 2469 1289 2558 quatuor
1313 2469 1558 2557 partes
1591 2464 1995 2559 generales,
2023 2464 2103 2536 In
2131 2464 2370 2558 prima
2407 2484 2728 2558 quarum
2755 2469 2971 2557 poeta
3000 2469 3204 2535 tran—

858 2590 1285 2659 scurrenter
1318 2583 1737 2680 perstringit
1771 2584 2052 2678 aliquot
2086 2584 2395 2658 istorum
2433 2583 2819 2680 spirituum
2848 2583 3204 2657 violenter

858 2703 1437 2778 interfectorum.
1492 2704 1570 2775 ln
1622 2702 1943 2777 secunda
1983 2703 2273 2777 discutit
2292 2696 2366 2796 (¹)
2420 2725 2647 2777 unam
2701 2703 3204 2799 quaestionem,

860 2845 1029 2920 quae
1086 2824 1324 2900 oritur
1388 2824 1583 2897 circa
1648 2824 2035 2899 materiam
2087 2831 2637 2919 pertractatam,
2690 2835 2765 2901 et
2817 2822 3208 2898 introducit

858 2945 934 3019 in
976 2945 1268 3039 speciali
1305 2966 1540 3018 unum
1577 2944 2026 3041 singularem
2064 2945 2399 3039 spiritum
2433 2952 3004 3020 conterraneum
3046 2944 3208 3018 Vir-

858 3065 1007 3161 gilii
1057 3065 1150 3138 ad
1200 3064 1652 3157 loquendum
1718 3084 1999 3158 secum,
2052 3064 2190 3137 ibi:
2260 3070 2344 3138 Ιο
2411 3068 2795 3139 cominciai.
2851 3067 2931 3138 ln
2994 3064 3207 3138 tertia

859 3183 1028 3259 facit
1079 3205 1305 3259 unam
1357 3184 1908 3281 digressionem,
1944 3185 2020 3258 in
2072 3206 2218 3278 qua
2271 3185 2439 3259 facit
2489 3206 2713 3259 unam
2767 3183 3207 3259 invectivam

857 3310 1112 3377 contra
1166 3303 1473 3396 Italiam,
1525 3310 1597 3378 et
1649 3303 2082 3398 principales
2143 3312 2447 3378 autores
2511 3303 2972 3379 desolationis
3025 3305 3205 3398 eius,

859 3423 1003 3496 ibi:
1058 3424 1192 3494 Alei
1239 3443 1447 3495 serva
1497 3425 1728 3496 Italia.
1782 3423 1864 3496 In
1917 3429 2182 3517 quarta
2219 3430 2293 3498 et
2337 3424 2591 3499 ultima
2627 3423 2796 3499 facit
2833 3445 3058 3498 unam
3094 3423 3206 3496 in-

860 3542 1223 3618 vectivam
1292 3542 1683 3636 specialem
1751 3550 2009 3618 contra
2077 3543 2520 3617 Florentiam
2586 3544 2897 3640 patriam
2970 3564 3206 3635 suam,

856 3663 1002 3737 ibi:
1056 3667 1352 3736 strenze
1401 3665 1565 3735 mia.
1617 3662 1723 3737 Ad
1777 3664 2103 3758 primum
2155 3664 2455 3739 veniens
2523 3663 2683 3738 dico
2743 3664 2940 3759 quod
2990 3669 3206 3758 poeta

858 3784 1183 3860 breviter
1217 3784 1583 3879 percurrit
1618 3784 1978 3877 quosdam
2015 3785 2108 3859 de
2143 3805 2458 3858 numero
2493 3784 3037 3879 praedictorum,
3081 3784 3207 3859 sed

858 3906 1098 4001 primo
1149 3905 1523 4000 praemittit
1556 3905 2097 4000 dispositionem
2134 3905 2325 3979 illius
2369 3904 2850 3978 multitudinis
2886 3926 3067 4001 erga
3101 3925 3203 3998 se,

859 4032 934 4100 et
969 4025 1078 4099 sui
1117 4046 1296 4120 erga
1326 4024 1484 4098 illos
1524 4045 1656 4119 per
1702 4046 1929 4099 unam
1975 4025 2600 4120 comparationem
2626 4026 2986 4120 pulcram,
3016 4047 3209 4120 quae,

858 4147 1029 4241 quia
1057 4147 1256 4221 clara
1286 4151 1416 4237 est,
1451 4150 1530 4217 ut
1566 4151 1719 4219 tota
1747 4144 1865 4218 die
1901 4144 2353 4239 experientia
2379 4143 2613 4239 docet,
2642 4151 2816 4218 nota
2845 4151 3208 4238 quantum

860 4265 949 4339 sit
984 4265 1299 4361 propria.
1329 4264 1533 4339 Sicut
1567 4265 1764 4338 enim
1800 4265 2159 4339 victorem
2193 4264 2267 4338 in
2302 4262 2476 4338 ludo
2510 4264 2784 4359 azardi,
2814 4263 3028 4338 multi
3062 4265 3209 4340 cir-

861 4386 1211 4462 cumdant
1243 4383 1284 4427 *
1309 4385 1428 4460 alii
1462 4407 1508 4459 a
1542 4384 1801 4479 fronte,
1828 4386 1949 4459 alii
1975 4406 2018 4458 a
2047 4392 2280 4481 terge,
2309 4391 2384 4458 et
2409 4384 2528 4458 alii
2554 4384 2647 4459 ad
2673 4384 3008 4460 dextram
3029 4385 3068 4429 *
3107 4376 3209 4479 (²),

1009 4573 1022 4601 ,
1210 4574 1221 4586 .
1379 4575 1390 4586 .

983 4576 1043 4717 {¹3
1072 4573 1145 4702 1ch
1172 4575 1471 4714 3:531?ssss
1502 4652 1520 4701 i
1552 4651 1653 4703 due
1684 4652 1951 4703 asterischi
1983 4665 2110 4703 sono
2142 4652 2384 4717 aggiunte
2416 4652 2553 4717 dagli
2583 4652 2703 4703 altri
2735 4651 2927 4702 codici.
