<?xml version="1.0" encoding="UTF-8"?>
<!DOCTYPE html PUBLIC "-//W3C//DTD XHTML 1.0 Transitional//EN"
    "http://www.w3.org/TR/xhtml1/DTD/xhtml1-transitional.dtd">
<html xmlns="http://www.w3.org/1999/xhtml" xml:lang="en" lang="en">
 <head>
  <title>
</title>
<meta http-equiv="Content-Type" content="text/html;charset=utf-8" />
  <meta name='ocr-system' content='tesseract 3.04.00' />
  <meta name='ocr-capabilities' content='ocr_page ocr_carea ocr_par ocr_line ocrx_word'/>
</head>
<body>
  <div class='ocr_page' id='page_1' title='image "benvenutideramb00lacagoog_0526.png"; bbox 0 0 3704 5559; ppageno 0'>
   <div class='ocr_carea' id='block_1_1' title="bbox 898 509 2515 574">
    <p class='ocr_par' dir='ltr' id='par_1_1' title="bbox 898 509 2515 574">
     <span class='ocr_line' id='line_1_1' title="bbox 898 509 2515 574; baseline -0.002 -2"><span class='ocrx_word' id='word_1_1' title='bbox 898 509 1039 574; x_wconf 73' lang='lat'>514</span> <span class='ocrx_word' id='word_1_2' title='bbox 1619 516 2025 571; x_wconf 71' lang='lat' dir='ltr'>coMEN&#39;ruu</span> <span class='ocrx_word' id='word_1_3' title='bbox 2075 518 2515 571; x_wconf 74' lang='lat' dir='ltr'>PURGAToRu</span> 
     </span>
    </p>
   </div>
   <div class='ocr_carea' id='block_1_2' title="bbox 879 661 3240 4477">
    <p class='ocr_par' dir='ltr' id='par_1_2' title="bbox 887 661 3240 2559">
     <span class='ocr_line' id='line_1_2' title="bbox 900 661 3240 760; baseline 0 -22"><span class='ocrx_word' id='word_1_4' title='bbox 900 664 1179 760; x_wconf 81' lang='lat' dir='ltr'><strong>spicere</strong></span> <span class='ocrx_word' id='word_1_5' title='bbox 1229 663 1527 754; x_wconf 86' lang='lat' dir='ltr'>coelum‚</span> <span class='ocrx_word' id='word_1_6' title='bbox 1564 682 1736 734; x_wconf 92' lang='lat' dir='ltr'>cum</span> <span class='ocrx_word' id='word_1_7' title='bbox 1779 667 2048 736; x_wconf 90' lang='lat' dir='ltr'>natura</span> <span class='ocrx_word' id='word_1_8' title='bbox 2084 669 2351 736; x_wconf 84' lang='lat' dir='ltr'>caetera</span> <span class='ocrx_word' id='word_1_9' title='bbox 2386 661 2730 737; x_wconf 90' lang='lat' dir='ltr'>animalia</span> <span class='ocrx_word' id='word_1_10' title='bbox 2763 663 3112 738; x_wconf 88' lang='lat' dir='ltr'>abiecerit</span> <span class='ocrx_word' id='word_1_11' title='bbox 3143 665 3240 738; x_wconf 88' lang='lat' dir='ltr'>ad</span> 
     </span>
     <span class='ocr_line' id='line_1_3' title="bbox 896 782 3237 878; baseline 0.001 -21"><span class='ocrx_word' id='word_1_12' title='bbox 896 791 1220 878; x_wconf 89' lang='lat' dir='ltr'>pastum:</span> <span class='ocrx_word' id='word_1_13' title='bbox 1275 782 1377 855; x_wconf 91' lang='lat' dir='ltr'>sic</span> <span class='ocrx_word' id='word_1_14' title='bbox 1428 801 1608 878; x_wconf 89' lang='lat' dir='ltr'>ergo</span> <span class='ocrx_word' id='word_1_15' title='bbox 1661 782 1865 876; x_wconf 90' lang='lat' dir='ltr'>peior</span> <span class='ocrx_word' id='word_1_16' title='bbox 1919 789 2029 856; x_wconf 91' lang='lat' dir='ltr'>est</span> <span class='ocrx_word' id='word_1_17' title='bbox 2079 803 2302 876; x_wconf 91' lang='lat' dir='ltr'>quem</span> <span class='ocrx_word' id='word_1_18' title='bbox 2340 782 2554 878; x_wconf 90' lang='lat' dir='ltr'>culpa</span> <span class='ocrx_word' id='word_1_19' title='bbox 2593 784 2937 877; x_wconf 81' lang='lat' dir='ltr'>maculat,</span> <span class='ocrx_word' id='word_1_20' title='bbox 2981 805 3072 858; x_wconf 91' lang='lat' dir='ltr'>eo</span> <span class='ocrx_word' id='word_1_21' title='bbox 3108 786 3237 878; x_wconf 89' lang='lat' dir='ltr'>qui</span> 
     </span>
     <span class='ocr_line' id='line_1_4' title="bbox 893 897 3239 998; baseline -0 -20"><span class='ocrx_word' id='word_1_22' title='bbox 893 912 1179 979; x_wconf 86' lang='lat' dir='ltr'>naturae</span> <span class='ocrx_word' id='word_1_23' title='bbox 1248 904 1437 998; x_wconf 91' lang='lat' dir='ltr'>parit</span> <span class='ocrx_word' id='word_1_24' title='bbox 1464 897 1536 995; x_wconf 88' lang='lat'>(¹)</span> <span class='ocrx_word' id='word_1_25' title='bbox 1606 903 1935 998; x_wconf 89' lang='lat' dir='ltr'>imperio.</span> <span class='ocrx_word' id='word_1_26' title='bbox 2010 903 2094 975; x_wconf 90' lang='lat' dir='ltr'>Et</span> <span class='ocrx_word' id='word_1_27' title='bbox 2154 903 2412 976; x_wconf 90' lang='lat' dir='ltr'>eodem</span> <span class='ocrx_word' id='word_1_28' title='bbox 2482 904 2700 976; x_wconf 92' lang='lat' dir='ltr'>modo</span> <span class='ocrx_word' id='word_1_29' title='bbox 2763 904 2978 978; x_wconf 90' lang='lat' dir='ltr'>dicit:</span> <span class='ocrx_word' id='word_1_30' title='bbox 3047 927 3239 978; x_wconf 81' lang='lat' dir='ltr'>come</span> 
     </span>
     <span class='ocr_line' id='line_1_5' title="bbox 892 1006 3237 1118; baseline -0.001 -20"><span class='ocrx_word' id='word_1_31' title='bbox 892 1027 1222 1098; x_wconf 79' lang='lat' dir='ltr'>avarizia</span> <span class='ocrx_word' id='word_1_32' title='bbox 1246 1045 1486 1115; x_wconf 71' lang='lat' dir='ltr'>spensa</span> <span class='ocrx_word' id='word_1_33' title='bbox 1510 1025 1564 1094; x_wconf 81' lang='lat' dir='ltr'>il</span> <span class='ocrx_word' id='word_1_34' title='bbox 1585 1030 1826 1095; x_wconf 78' lang='lat' dir='ltr'>nostro</span> <span class='ocrx_word' id='word_1_35' title='bbox 1851 1044 2099 1095; x_wconf 83' lang='lat' dir='ltr'>amore</span> <span class='ocrx_word' id='word_1_36' title='bbox 2110 1006 2336 1116; x_wconf 38' lang='lat' dir='ltr'>‚·&#39;nam</span> <span class='ocrx_word' id='word_1_37' title='bbox 2370 1023 2697 1096; x_wconf 88' lang='lat' dir='ltr'>avaritiae</span> <span class='ocrx_word' id='word_1_38' title='bbox 2733 1023 2964 1118; x_wconf 80' lang='lat' dir='ltr'>frigus</span> <span class='ocrx_word' id='word_1_39' title='bbox 3000 1025 3237 1098; x_wconf 80' lang='lat' dir='ltr'>extin-</span> 
     </span>
     <span class='ocr_line' id='line_1_6' title="bbox 893 1144 3240 1241; baseline 0 -23"><span class='ocrx_word' id='word_1_40' title='bbox 893 1147 1053 1241; x_wconf 90' lang='lat' dir='ltr'>guit</span> <span class='ocrx_word' id='word_1_41' title='bbox 1104 1165 1402 1218; x_wconf 92' lang='lat' dir='ltr'>omnem</span> <span class='ocrx_word' id='word_1_42' title='bbox 1439 1164 1772 1217; x_wconf 90' lang='lat' dir='ltr'>amorem</span> <span class='ocrx_word' id='word_1_43' title='bbox 1825 1150 1901 1218; x_wconf 93' lang='lat' dir='ltr'>et</span> <span class='ocrx_word' id='word_1_44' title='bbox 1950 1163 2248 1218; x_wconf 92' lang='lat' dir='ltr'>omnem</span> <span class='ocrx_word' id='word_1_45' title='bbox 2285 1144 2630 1218; x_wconf 89' lang='lat' dir='ltr'>ardorem</span> <span class='ocrx_word' id='word_1_46' title='bbox 2667 1144 3020 1218; x_wconf 87' lang='lat' dir='ltr'>caritatis:</span> <span class='ocrx_word' id='word_1_47' title='bbox 3055 1149 3240 1218; x_wconf 79' lang='lat' dir='ltr'>onde</span> 
     </span>
     <span class='ocr_line' id='line_1_7' title="bbox 896 1256 3238 1358; baseline 0.001 -20"><span class='ocrx_word' id='word_1_48' title='bbox 896 1288 1160 1358; x_wconf 80' lang='lat' dir='ltr'>operar</span> <span class='ocrx_word' id='word_1_49' title='bbox 1205 1261 1509 1356; x_wconf 64' lang='lat' dir='ltr'>perdes-i,</span> <span class='ocrx_word' id='word_1_50' title='bbox 1551 1284 1772 1338; x_wconf 93' lang='lat' dir='ltr'>omne</span> <span class='ocrx_word' id='word_1_51' title='bbox 1805 1265 2128 1358; x_wconf 90' lang='lat' dir='ltr'>bonum;</span> <span class='ocrx_word' id='word_1_52' title='bbox 2170 1256 2311 1336; x_wconf 64' lang='lat' dir='ltr'>cosi</span> <span class='ocrx_word' id='word_1_53' title='bbox 2358 1267 2685 1355; x_wconf 71' lang='lat' dir='ltr'>qiustizia</span> <span class='ocrx_word' id='word_1_54' title='bbox 2734 1269 2852 1356; x_wconf 65' lang='lat' dir='ltr'>qui</span> <span class='ocrx_word' id='word_1_55' title='bbox 2898 1271 3117 1340; x_wconf 75' lang='lat' dir='ltr'>seretti</span> <span class='ocrx_word' id='word_1_56' title='bbox 3149 1288 3238 1339; x_wconf 77' lang='lat' dir='ltr'>ne</span> 
     </span>
     <span class='ocr_line' id='line_1_8' title="bbox 895 1385 3233 1480; baseline 0 -20"><span class='ocrx_word' id='word_1_57' title='bbox 895 1391 1068 1460; x_wconf 74' lang='lat' dir='ltr'>liene</span> <span class='ocrx_word' id='word_1_58' title='bbox 1117 1389 1229 1458; x_wconf 77' lang='lat' dir='ltr'>nei</span> <span class='ocrx_word' id='word_1_59' title='bbox 1259 1387 1427 1477; x_wconf 80' lang='lat' dir='ltr'>pedi</span> <span class='ocrx_word' id='word_1_60' title='bbox 1474 1407 1510 1457; x_wconf 83' lang='lat' dir='ltr'>e</span> <span class='ocrx_word' id='word_1_61' title='bbox 1559 1386 1730 1456; x_wconf 78' lang='lat' dir='ltr'>nelle</span> <span class='ocrx_word' id='word_1_62' title='bbox 1782 1406 1950 1456; x_wconf 85' lang='lat' dir='ltr'>man</span> <span class='ocrx_word' id='word_1_63' title='bbox 1990 1387 2202 1475; x_wconf 76' lang='lat' dir='ltr'>leyali</span> <span class='ocrx_word' id='word_1_64' title='bbox 2231 1408 2268 1458; x_wconf 83' lang='lat' dir='ltr'>e</span> <span class='ocrx_word' id='word_1_65' title='bbox 2305 1388 2516 1475; x_wconf 81' lang='lat' dir='ltr'><strong><em>presi.</em></strong></span> <span class='ocrx_word' id='word_1_66' title='bbox 2555 1385 2641 1457; x_wconf 90' lang='lat' dir='ltr'>Et</span> <span class='ocrx_word' id='word_1_67' title='bbox 2680 1386 2791 1460; x_wconf 86' lang='lat' dir='ltr'>bic</span> <span class='ocrx_word' id='word_1_68' title='bbox 2827 1394 3001 1460; x_wconf 86' lang='lat' dir='ltr'>nota</span> <span class='ocrx_word' id='word_1_69' title='bbox 3037 1389 3233 1480; x_wconf 89' lang='lat' dir='ltr'>quod</span> 
     </span>
     <span class='ocr_line' id='line_1_9' title="bbox 895 1504 3234 1601; baseline 0.001 -22"><span class='ocrx_word' id='word_1_70' title='bbox 895 1507 1084 1580; x_wconf 91' lang='lat' dir='ltr'>istud</span> <span class='ocrx_word' id='word_1_71' title='bbox 1140 1506 1459 1580; x_wconf 82' lang='lat' dir='ltr'><strong>maxime</strong></span> <span class='ocrx_word' id='word_1_72' title='bbox 1509 1505 1736 1601; x_wconf 89' lang='lat' dir='ltr'>tangit</span> <span class='ocrx_word' id='word_1_73' title='bbox 1787 1505 2024 1599; x_wconf 90' lang='lat' dir='ltr'>ipsum</span> <span class='ocrx_word' id='word_1_74' title='bbox 2080 1504 2496 1599; x_wconf 87' lang='lat' dir='ltr'>pontificem</span> <span class='ocrx_word' id='word_1_75' title='bbox 2552 1505 2678 1597; x_wconf 89' lang='lat' dir='ltr'>qui</span> <span class='ocrx_word' id='word_1_76' title='bbox 2729 1505 3020 1579; x_wconf 87' lang='lat' dir='ltr'>infinitis</span> <span class='ocrx_word' id='word_1_77' title='bbox 3069 1528 3234 1583; x_wconf 87' lang='lat' dir='ltr'>cre-</span> 
     </span>
     <span class='ocr_line' id='line_1_10' title="bbox 893 1625 3234 1722; baseline 0 -21"><span class='ocrx_word' id='word_1_78' title='bbox 893 1626 1246 1703; x_wconf 82' lang='lat' dir='ltr'>ditoribus</span> <span class='ocrx_word' id='word_1_79' title='bbox 1296 1633 1407 1700; x_wconf 92' lang='lat' dir='ltr'>est</span> <span class='ocrx_word' id='word_1_80' title='bbox 1457 1625 1837 1722; x_wconf 89' lang='lat' dir='ltr'>obligatus.</span> <span class='ocrx_word' id='word_1_81' title='bbox 1892 1625 2060 1698; x_wconf 93' lang='lat' dir='ltr'>Ideo</span> <span class='ocrx_word' id='word_1_82' title='bbox 2113 1626 2301 1699; x_wconf 92' lang='lat' dir='ltr'>bene</span> <span class='ocrx_word' id='word_1_83' title='bbox 2364 1625 2763 1720; x_wconf 83' lang='lat' dir='ltr'>Gregorius</span> <span class='ocrx_word' id='word_1_84' title='bbox 2816 1628 3103 1702; x_wconf 84' lang='lat' dir='ltr'>vocavit</span> <span class='ocrx_word' id='word_1_85' title='bbox 3149 1648 3234 1702; x_wconf 89' lang='lat' dir='ltr'>se</span> 
     </span>
     <span class='ocr_line' id='line_1_11' title="bbox 892 1736 3229 1839; baseline -0.002 -16"><span class='ocrx_word' id='word_1_86' title='bbox 892 1769 1192 1823; x_wconf 87' lang='lat' dir='ltr'>servum</span> <span class='ocrx_word' id='word_1_87' title='bbox 1254 1768 1643 1822; x_wconf 85' lang='lat' dir='ltr'>servorum</span> <span class='ocrx_word' id='word_1_88' title='bbox 1706 1747 1859 1839; x_wconf 86' lang='lat' dir='ltr'>Dei,</span> <span class='ocrx_word' id='word_1_89' title='bbox 1914 1746 2039 1839; x_wconf 93' lang='lat' dir='ltr'>qui</span> <span class='ocrx_word' id='word_1_90' title='bbox 2072 1736 2145 1836; x_wconf 80' lang='lat'>(²)</span> <span class='ocrx_word' id='word_1_91' title='bbox 2209 1747 2428 1819; x_wconf 86' lang='lat' dir='ltr'>habet</span> <span class='ocrx_word' id='word_1_92' title='bbox 2497 1747 2805 1821; x_wconf 79' lang='lat' dir='ltr'>reddere</span> <span class='ocrx_word' id='word_1_93' title='bbox 2869 1748 3229 1822; x_wconf 89' lang='lat' dir='ltr'>rationem</span> 
     </span>
     <span class='ocr_line' id='line_1_12' title="bbox 891 1866 3231 1959; baseline -0 -17"><span class='ocrx_word' id='word_1_94' title='bbox 891 1869 1202 1943; x_wconf 91' lang='lat' dir='ltr'>Domino</span> <span class='ocrx_word' id='word_1_95' title='bbox 1265 1869 1600 1941; x_wconf 93' lang='lat' dir='ltr'>omnium</span> <span class='ocrx_word' id='word_1_96' title='bbox 1667 1866 2171 1959; x_wconf 86' lang='lat' dir='ltr'>ecclesiarum,</span> <span class='ocrx_word' id='word_1_97' title='bbox 2234 1867 2463 1939; x_wconf 89' lang='lat' dir='ltr'>immo</span> <span class='ocrx_word' id='word_1_98' title='bbox 2545 1867 2876 1940; x_wconf 92' lang='lat' dir='ltr'>omnium</span> <span class='ocrx_word' id='word_1_99' title='bbox 2946 1869 3231 1941; x_wconf 92' lang='lat' dir='ltr'>anima-</span> 
     </span>
     <span class='ocr_line' id='line_1_13' title="bbox 892 1986 3225 2083; baseline -0.002 -22"><span class='ocrx_word' id='word_1_100' title='bbox 892 2011 1060 2061; x_wconf 90' lang='lat' dir='ltr'>rum</span> <span class='ocrx_word' id='word_1_101' title='bbox 1115 2009 1282 2083; x_wconf 83' lang='lat' dir='ltr'>quae</span> <span class='ocrx_word' id='word_1_102' title='bbox 1334 1995 1646 2082; x_wconf 89' lang='lat' dir='ltr'>pereunt</span> <span class='ocrx_word' id='word_1_103' title='bbox 1699 1986 2136 2082; x_wconf 84' lang='lat' dir='ltr'>negligentia</span> <span class='ocrx_word' id='word_1_104' title='bbox 2196 2007 2352 2059; x_wconf 90' lang='lat' dir='ltr'>sua.</span> <span class='ocrx_word' id='word_1_105' title='bbox 2407 1987 2601 2082; x_wconf 90' lang='lat' dir='ltr'>Ergo</span> <span class='ocrx_word' id='word_1_106' title='bbox 2654 1993 3225 2079; x_wconf 89' lang='lat' dir='ltr'>quantumcum-</span> 
     </span>
     <span class='ocr_line' id='line_1_14' title="bbox 890 2105 3228 2202; baseline -0.001 -22"><span class='ocrx_word' id='word_1_107' title='bbox 890 2129 1040 2202; x_wconf 91' lang='lat' dir='ltr'>que</span> <span class='ocrx_word' id='word_1_108' title='bbox 1092 2108 1215 2200; x_wconf 92' lang='lat' dir='ltr'>qui</span> <span class='ocrx_word' id='word_1_109' title='bbox 1269 2107 1561 2200; x_wconf 89' lang='lat' dir='ltr'>eligitur</span> <span class='ocrx_word' id='word_1_110' title='bbox 1605 2127 1788 2200; x_wconf 87' lang='lat' dir='ltr'>papa</span> <span class='ocrx_word' id='word_1_111' title='bbox 1844 2106 1933 2178; x_wconf 94' lang='lat' dir='ltr'>sit</span> <span class='ocrx_word' id='word_1_112' title='bbox 1985 2105 2378 2178; x_wconf 90' lang='lat' dir='ltr'>ditissimus</span> <span class='ocrx_word' id='word_1_113' title='bbox 2413 2106 2654 2178; x_wconf 87' lang='lat' dir='ltr'>statim</span> <span class='ocrx_word' id='word_1_114' title='bbox 2695 2105 3009 2180; x_wconf 89' lang='lat' dir='ltr'>efficitur</span> <span class='ocrx_word' id='word_1_115' title='bbox 3044 2126 3228 2199; x_wconf 88' lang='lat' dir='ltr'>pau-</span> 
     </span>
     <span class='ocr_line' id='line_1_15' title="bbox 891 2225 3235 2321; baseline -0.001 -21"><span class='ocrx_word' id='word_1_116' title='bbox 891 2226 1280 2321; x_wconf 89' lang='lat' dir='ltr'>perrimus.</span> <span class='ocrx_word' id='word_1_117' title='bbox 1333 2226 1419 2296; x_wconf 90' lang='lat' dir='ltr'>Et</span> <span class='ocrx_word' id='word_1_118' title='bbox 1470 2225 2268 2298; x_wconf 84' lang='lat' dir='ltr'>concludit-Adrianus:</span> <span class='ocrx_word' id='word_1_119' title='bbox 2314 2249 2350 2297; x_wconf 85' lang='lat' dir='ltr'>e</span> <span class='ocrx_word' id='word_1_120' title='bbox 2401 2234 2660 2317; x_wconf 76' lang='lat' dir='ltr'>quanto</span> <span class='ocrx_word' id='word_1_121' title='bbox 2693 2229 2798 2317; x_wconf 79' lang='lat' dir='ltr'>fia</span> <span class='ocrx_word' id='word_1_122' title='bbox 2831 2229 3073 2318; x_wconf 82' lang='lat' dir='ltr'>piacer</span> <span class='ocrx_word' id='word_1_123' title='bbox 3119 2229 3235 2298; x_wconf 81' lang='lat' dir='ltr'>del</span> 
     </span>
     <span class='ocr_line' id='line_1_16' title="bbox 887 2343 3225 2440; baseline 0 -24"><span class='ocrx_word' id='word_1_124' title='bbox 887 2349 1114 2436; x_wconf 72' lang='lat' dir='ltr'>qiuslo</span> <span class='ocrx_word' id='word_1_125' title='bbox 1164 2347 1331 2433; x_wconf 79' lang='lat' dir='ltr'>sire,</span> <span class='ocrx_word' id='word_1_126' title='bbox 1400 2343 1605 2435; x_wconf 85' lang='lat' dir='ltr'>idest,</span> <span class='ocrx_word' id='word_1_127' title='bbox 1659 2344 2013 2436; x_wconf 90' lang='lat' dir='ltr'>quamdiu</span> <span class='ocrx_word' id='word_1_128' title='bbox 2075 2345 2383 2438; x_wconf 80' lang='lat' dir='ltr'>placebit</span> <span class='ocrx_word' id='word_1_129' title='bbox 2442 2345 2595 2419; x_wconf 92' lang='lat' dir='ltr'>Deo</span> <span class='ocrx_word' id='word_1_130' title='bbox 2649 2347 2849 2440; x_wconf 89' lang='lat' dir='ltr'>justo</span> <span class='ocrx_word' id='word_1_131' title='bbox 2910 2345 3225 2436; x_wconf 88' lang='lat' dir='ltr'>domino,</span> 
     </span>
     <span class='ocr_line' id='line_1_17' title="bbox 889 2464 2645 2559; baseline -0.001 -21"><span class='ocrx_word' id='word_1_132' title='bbox 889 2473 1083 2538; x_wconf 80' lang='lat' dir='ltr'>tamo</span> <span class='ocrx_word' id='word_1_133' title='bbox 1132 2471 1435 2536; x_wconf 81' lang='lat' dir='ltr'>staremo</span> <span class='ocrx_word' id='word_1_134' title='bbox 1485 2464 1817 2535; x_wconf 81' lang='lat' dir='ltr'>immobili</span> <span class='ocrx_word' id='word_1_135' title='bbox 1865 2486 1901 2536; x_wconf 83' lang='lat' dir='ltr'>e</span> <span class='ocrx_word' id='word_1_136' title='bbox 1950 2468 2214 2554; x_wconf 81' lang='lat' dir='ltr'>sospesi</span> <span class='ocrx_word' id='word_1_137' title='bbox 2226 2492 2255 2557; x_wconf 88' lang='grc'>,·</span> <span class='ocrx_word' id='word_1_138' title='bbox 2307 2464 2445 2537; x_wconf 93' lang='lat' dir='ltr'>sub</span> <span class='ocrx_word' id='word_1_139' title='bbox 2497 2485 2645 2559; x_wconf 90' lang='lat' dir='ltr'>spe.</span> 
     </span>
    </p>

    <p class='ocr_par' dir='ltr' id='par_1_3' title="bbox 879 2585 3229 4477">
     <span class='ocr_line' id='line_1_18' title="bbox 1038 2585 3227 2680; baseline 0.001 -23"><span class='ocrx_word' id='word_1_140' title='bbox 1038 2589 1121 2658; x_wconf 92' lang='lat' dir='ltr'>Io</span> <span class='ocrx_word' id='word_1_141' title='bbox 1163 2588 1253 2657; x_wconf 87' lang='lat' dir='ltr'>m’</span> <span class='ocrx_word' id='word_1_142' title='bbox 1279 2606 1427 2657; x_wconf 84' lang='lat' dir='ltr'>era.</span> <span class='ocrx_word' id='word_1_143' title='bbox 1465 2585 1605 2657; x_wconf 88' lang='lat' dir='ltr'>Ista</span> <span class='ocrx_word' id='word_1_144' title='bbox 1641 2591 1751 2659; x_wconf 93' lang='lat' dir='ltr'>est</span> <span class='ocrx_word' id='word_1_145' title='bbox 1786 2593 2051 2677; x_wconf 87' lang='lat' dir='ltr'>quarta</span> <span class='ocrx_word' id='word_1_146' title='bbox 2086 2593 2161 2659; x_wconf 90' lang='lat' dir='ltr'>et</span> <span class='ocrx_word' id='word_1_147' title='bbox 2199 2587 2452 2659; x_wconf 85' lang='lat' dir='ltr'>ultima</span> <span class='ocrx_word' id='word_1_148' title='bbox 2489 2607 2681 2680; x_wconf 85' lang='lat' dir='ltr'>pars,</span> <span class='ocrx_word' id='word_1_149' title='bbox 2719 2585 2789 2656; x_wconf 91' lang='lat' dir='ltr'>in</span> <span class='ocrx_word' id='word_1_150' title='bbox 2832 2606 2980 2679; x_wconf 90' lang='lat' dir='ltr'>qua</span> <span class='ocrx_word' id='word_1_151' title='bbox 3013 2593 3227 2680; x_wconf 91' lang='lat' dir='ltr'>poeta</span> 
     </span>
     <span class='ocr_line' id='line_1_19' title="bbox 890 2704 3227 2799; baseline -0 -22"><span class='ocrx_word' id='word_1_152' title='bbox 890 2711 1225 2781; x_wconf 85' lang='lat' dir='ltr'>removet</span> <span class='ocrx_word' id='word_1_153' title='bbox 1280 2725 1501 2777; x_wconf 89' lang='lat' dir='ltr'>unam</span> <span class='ocrx_word' id='word_1_154' title='bbox 1556 2704 2082 2778; x_wconf 82' lang='lat' dir='ltr'>dubitationem</span> <span class='ocrx_word' id='word_1_155' title='bbox 2137 2705 2331 2778; x_wconf 88' lang='lat' dir='ltr'>circa</span> <span class='ocrx_word' id='word_1_156' title='bbox 2382 2705 2657 2778; x_wconf 90' lang='lat' dir='ltr'>dictum</span> <span class='ocrx_word' id='word_1_157' title='bbox 2694 2704 3054 2799; x_wconf 87' lang='lat' dir='ltr'>spiritum,</span> <span class='ocrx_word' id='word_1_158' title='bbox 3088 2705 3227 2778; x_wconf 92' lang='lat' dir='ltr'>sci-</span> 
     </span>
     <span class='ocr_line' id='line_1_20' title="bbox 889 2823 3227 2921; baseline -0 -23"><span class='ocrx_word' id='word_1_159' title='bbox 889 2825 1077 2917; x_wconf 83' lang='lat' dir='ltr'>licet,</span> <span class='ocrx_word' id='word_1_160' title='bbox 1133 2832 1384 2898; x_wconf 89' lang='lat' dir='ltr'>utrum</span> <span class='ocrx_word' id='word_1_161' title='bbox 1439 2825 1746 2921; x_wconf 86' lang='lat' dir='ltr'>dignitas</span> <span class='ocrx_word' id='word_1_162' title='bbox 1813 2825 2235 2919; x_wconf 88' lang='lat' dir='ltr'>temporalis</span> <span class='ocrx_word' id='word_1_163' title='bbox 2300 2823 2597 2898; x_wconf 87' lang='lat' dir='ltr'>finiatur</span> <span class='ocrx_word' id='word_1_164' title='bbox 2657 2830 2895 2899; x_wconf 90' lang='lat' dir='ltr'>morte</span> <span class='ocrx_word' id='word_1_165' title='bbox 2947 2832 3227 2920; x_wconf 92' lang='lat' dir='ltr'>tempo-</span> 
     </span>
     <span class='ocr_line' id='line_1_21' title="bbox 887 2944 3229 3040; baseline 0.001 -24"><span class='ocrx_word' id='word_1_166' title='bbox 887 2944 1041 3018; x_wconf 89' lang='lat' dir='ltr'>rali.</span> <span class='ocrx_word' id='word_1_167' title='bbox 1097 2946 1184 3016; x_wconf 91' lang='lat' dir='ltr'>Et</span> <span class='ocrx_word' id='word_1_168' title='bbox 1235 2946 1438 3040; x_wconf 86' lang='lat' dir='ltr'>fingit</span> <span class='ocrx_word' id='word_1_169' title='bbox 1490 2946 1726 3038; x_wconf 90' lang='lat' dir='ltr'>primo</span> <span class='ocrx_word' id='word_1_170' title='bbox 1780 2944 1978 3037; x_wconf 92' lang='lat' dir='ltr'>quod</span> <span class='ocrx_word' id='word_1_171' title='bbox 2032 2944 2260 3016; x_wconf 86' lang='lat' dir='ltr'>voluit</span> <span class='ocrx_word' id='word_1_172' title='bbox 2313 2945 2804 3039; x_wconf 89' lang='lat' dir='ltr'>procumbere</span> <span class='ocrx_word' id='word_1_173' title='bbox 2865 2945 2959 3018; x_wconf 89' lang='lat' dir='ltr'>ad</span> <span class='ocrx_word' id='word_1_174' title='bbox 3009 2944 3229 3039; x_wconf 88' lang='lat' dir='ltr'>pedes</span> 
     </span>
     <span class='ocr_line' id='line_1_22' title="bbox 886 3063 3229 3159; baseline -0 -22"><span class='ocrx_word' id='word_1_175' title='bbox 886 3064 1067 3157; x_wconf 82' lang='lat' dir='ltr'>eiuS,</span> <span class='ocrx_word' id='word_1_176' title='bbox 1120 3071 1194 3137; x_wconf 93' lang='lat' dir='ltr'>et</span> <span class='ocrx_word' id='word_1_177' title='bbox 1244 3064 1479 3159; x_wconf 91' lang='lat' dir='ltr'>ipsum</span> <span class='ocrx_word' id='word_1_178' title='bbox 1537 3064 1862 3138; x_wconf 89' lang='lat' dir='ltr'>revereri</span> <span class='ocrx_word' id='word_1_179' title='bbox 1916 3063 2321 3137; x_wconf 90' lang='lat' dir='ltr'>secundum</span> <span class='ocrx_word' id='word_1_180' title='bbox 2365 3063 2808 3159; x_wconf 85' lang='lat' dir='ltr'>exigentiam</span> <span class='ocrx_word' id='word_1_181' title='bbox 2862 3064 3229 3138; x_wconf 83' lang='lat' dir='ltr'>altissimae</span> 
     </span>
     <span class='ocr_line' id='line_1_23' title="bbox 885 3183 3225 3279; baseline -0 -23"><span class='ocrx_word' id='word_1_182' title='bbox 885 3183 1285 3279; x_wconf 83' lang='lat' dir='ltr'>dignitatis3</span> <span class='ocrx_word' id='word_1_183' title='bbox 1352 3184 1544 3257; x_wconf 91' lang='lat' dir='ltr'>unde</span> <span class='ocrx_word' id='word_1_184' title='bbox 1605 3185 1819 3257; x_wconf 89' lang='lat' dir='ltr'>dicit:</span> <span class='ocrx_word' id='word_1_185' title='bbox 1885 3187 1967 3256; x_wconf 93' lang='lat' dir='ltr'>Io</span> <span class='ocrx_word' id='word_1_186' title='bbox 2038 3187 2282 3255; x_wconf 83' lang='lat' dir='ltr'>m’era</span> <span class='ocrx_word' id='word_1_187' title='bbox 2336 3185 2867 3275; x_wconf 72' lang='lat' dir='ltr'>inyinocclziato,</span> <span class='ocrx_word' id='word_1_188' title='bbox 2924 3204 2962 3254; x_wconf 82' lang='lat' dir='ltr'>e</span> <span class='ocrx_word' id='word_1_189' title='bbox 3026 3188 3225 3255; x_wconf 79' lang='lat' dir='ltr'>volea</span> 
     </span>
     <span class='ocr_line' id='line_1_24' title="bbox 886 3304 3228 3397; baseline -0.002 -18"><span class='ocrx_word' id='word_1_190' title='bbox 886 3305 1064 3394; x_wconf 78' lang='lat' dir='ltr'>dire,</span> <span class='ocrx_word' id='word_1_191' title='bbox 1101 3304 1194 3376; x_wconf 91' lang='lat' dir='ltr'>ad</span> <span class='ocrx_word' id='word_1_192' title='bbox 1246 3305 1793 3377; x_wconf 83' lang='lat' dir='ltr'>excusationem</span> <span class='ocrx_word' id='word_1_193' title='bbox 1839 3325 2126 3377; x_wconf 88' lang='lat' dir='ltr'>meam:</span> <span class='ocrx_word' id='word_1_194' title='bbox 2185 3305 2648 3379; x_wconf 85' lang='lat' dir='ltr'>Sanctissime</span> <span class='ocrx_word' id='word_1_195' title='bbox 2703 3305 2940 3397; x_wconf 88' lang='lat' dir='ltr'>Pater,</span> <span class='ocrx_word' id='word_1_196' title='bbox 2974 3310 3228 3397; x_wconf 88' lang='lat' dir='ltr'>parcat</span> 
     </span>
     <span class='ocr_line' id='line_1_25' title="bbox 887 3422 3222 3519; baseline 0 -24"><span class='ocrx_word' id='word_1_197' title='bbox 887 3422 1226 3495; x_wconf 86' lang='lat' dir='ltr'>sanctitas</span> <span class='ocrx_word' id='word_1_198' title='bbox 1280 3430 1520 3496; x_wconf 85' lang='lat' dir='ltr'>vestra</span> <span class='ocrx_word' id='word_1_199' title='bbox 1561 3424 1783 3517; x_wconf 85' lang='lat' dir='ltr'>justae</span> <span class='ocrx_word' id='word_1_200' title='bbox 1833 3424 2264 3519; x_wconf 68' lang='lat' dir='ltr'>ignorantiae</span> <span class='ocrx_word' id='word_1_201' title='bbox 2320 3445 2529 3517; x_wconf 84' lang='lat' dir='ltr'>meae,</span> <span class='ocrx_word' id='word_1_202' title='bbox 2585 3424 2758 3517; x_wconf 91' lang='lat' dir='ltr'>quia</span> <span class='ocrx_word' id='word_1_203' title='bbox 2811 3423 3222 3498; x_wconf 87' lang='lat' dir='ltr'>nesciebam</span> 
     </span>
     <span class='ocr_line' id='line_1_26' title="bbox 888 3543 3226 3637; baseline 0.001 -23"><span class='ocrx_word' id='word_1_204' title='bbox 888 3562 1018 3616; x_wconf 84' lang='lat' dir='ltr'>vos</span> <span class='ocrx_word' id='word_1_205' title='bbox 1071 3562 1231 3615; x_wconf 91' lang='lat' dir='ltr'>esse</span> <span class='ocrx_word' id='word_1_206' title='bbox 1282 3563 1566 3636; x_wconf 88' lang='lat' dir='ltr'>papam.</span> <span class='ocrx_word' id='word_1_207' title='bbox 1622 3543 1824 3616; x_wconf 91' lang='lat' dir='ltr'>Unde</span> <span class='ocrx_word' id='word_1_208' title='bbox 1877 3551 2048 3616; x_wconf 88' lang='lat' dir='ltr'>nota</span> <span class='ocrx_word' id='word_1_209' title='bbox 2101 3544 2296 3637; x_wconf 89' lang='lat' dir='ltr'>quod</span> <span class='ocrx_word' id='word_1_210' title='bbox 2349 3544 2524 3616; x_wconf 91' lang='lat' dir='ltr'>nulli</span> <span class='ocrx_word' id='word_1_211' title='bbox 2561 3544 2752 3617; x_wconf 90' lang='lat' dir='ltr'>inter</span> <span class='ocrx_word' id='word_1_212' title='bbox 2801 3543 3226 3625; x_wconf 86' lang='lat' dir='ltr'>christianos</span> 
     </span>
     <span class='ocr_line' id='line_1_27' title="bbox 886 3662 3227 3757; baseline -0.001 -21"><span class='ocrx_word' id='word_1_213' title='bbox 886 3663 1276 3736; x_wconf 85' lang='lat' dir='ltr'>exhibetur</span> <span class='ocrx_word' id='word_1_214' title='bbox 1328 3663 1739 3737; x_wconf 89' lang='lat' dir='ltr'>reverentia</span> <span class='ocrx_word' id='word_1_215' title='bbox 1793 3663 2052 3757; x_wconf 85' lang='lat' dir='ltr'>maior,</span> <span class='ocrx_word' id='word_1_216' title='bbox 2096 3671 2786 3756; x_wconf 89' lang='lat' dir='ltr'>quantumcumque</span> <span class='ocrx_word' id='word_1_217' title='bbox 2825 3663 2946 3736; x_wconf 92' lang='lat' dir='ltr'>ille</span> <span class='ocrx_word' id='word_1_218' title='bbox 2996 3662 3086 3735; x_wconf 86' lang='lat' dir='ltr'>sit</span> <span class='ocrx_word' id='word_1_219' title='bbox 3119 3662 3227 3734; x_wconf 83' lang='lat' dir='ltr'>vi-</span> 
     </span>
     <span class='ocr_line' id='line_1_28' title="bbox 885 3782 3226 3877; baseline -0 -22"><span class='ocrx_word' id='word_1_220' title='bbox 885 3782 1197 3855; x_wconf 91' lang='lat' dir='ltr'>lissimus</span> <span class='ocrx_word' id='word_1_221' title='bbox 1248 3783 1366 3857; x_wconf 92' lang='lat' dir='ltr'>vel</span> <span class='ocrx_word' id='word_1_222' title='bbox 1421 3782 1960 3875; x_wconf 88' lang='lat' dir='ltr'>vitiosissimus;</span> <span class='ocrx_word' id='word_1_223' title='bbox 2004 3783 2200 3875; x_wconf 90' lang='lat' dir='ltr'>quod</span> <span class='ocrx_word' id='word_1_224' title='bbox 2236 3804 2369 3877; x_wconf 90' lang='lat' dir='ltr'>pro</span> <span class='ocrx_word' id='word_1_225' title='bbox 2408 3783 2764 3856; x_wconf 90' lang='lat' dir='ltr'>miraculo</span> <span class='ocrx_word' id='word_1_226' title='bbox 2816 3782 3130 3856; x_wconf 88' lang='lat' dir='ltr'>habetur</span> <span class='ocrx_word' id='word_1_227' title='bbox 3179 3802 3226 3854; x_wconf 90' lang='lat' dir='ltr'>a</span> 
     </span>
     <span class='ocr_line' id='line_1_29' title="bbox 887 3901 3226 3999; baseline -0 -25"><span class='ocrx_word' id='word_1_228' title='bbox 887 3903 1153 3976; x_wconf 84' lang='lat' dir='ltr'>multis.</span> <span class='ocrx_word' id='word_1_229' title='bbox 1208 3904 1361 3977; x_wconf 89' lang='lat' dir='ltr'>Hoc</span> <span class='ocrx_word' id='word_1_230' title='bbox 1411 3909 1662 3977; x_wconf 82' lang='lat' dir='ltr'>autern</span> <span class='ocrx_word' id='word_1_231' title='bbox 1716 3903 2093 3997; x_wconf 91' lang='lat' dir='ltr'>eleganter</span> <span class='ocrx_word' id='word_1_232' title='bbox 2146 3903 2377 3999; x_wconf 88' lang='lat' dir='ltr'>tetigit</span> <span class='ocrx_word' id='word_1_233' title='bbox 2438 3903 2555 3977; x_wconf 87' lang='lat' dir='ltr'>hic</span> <span class='ocrx_word' id='word_1_234' title='bbox 2608 3908 2818 3996; x_wconf 88' lang='lat' dir='ltr'>poeta</span> <span class='ocrx_word' id='word_1_235' title='bbox 2870 3902 3099 3977; x_wconf 91' lang='lat' dir='ltr'>semel</span> <span class='ocrx_word' id='word_1_236' title='bbox 3153 3901 3226 3974; x_wconf 89' lang='lat' dir='ltr'>in</span> 
     </span>
     <span class='ocr_line' id='line_1_30' title="bbox 882 4021 3225 4116; baseline 0 -22"><span class='ocrx_word' id='word_1_237' title='bbox 882 4022 1175 4097; x_wconf 85' lang='lat' dir='ltr'>civitate</span> <span class='ocrx_word' id='word_1_238' title='bbox 1226 4024 1554 4097; x_wconf 84' lang='lat' dir='ltr'>Veronae.</span> <span class='ocrx_word' id='word_1_239' title='bbox 1592 4023 1775 4095; x_wconf 91' lang='lat' dir='ltr'>Nam</span> <span class='ocrx_word' id='word_1_240' title='bbox 1831 4042 2002 4094; x_wconf 87' lang='lat' dir='ltr'>cum</span> <span class='ocrx_word' id='word_1_241' title='bbox 2058 4022 2153 4094; x_wconf 94' lang='lat' dir='ltr'>ibi</span> <span class='ocrx_word' id='word_1_242' title='bbox 2207 4029 2536 4096; x_wconf 87' lang='lat' dir='ltr'>coenaret</span> <span class='ocrx_word' id='word_1_243' title='bbox 2575 4043 2749 4097; x_wconf 93' lang='lat' dir='ltr'>cum</span> <span class='ocrx_word' id='word_1_244' title='bbox 2786 4021 3225 4116; x_wconf 90' lang='lat' dir='ltr'>quibusdam</span> 
     </span>
     <span class='ocr_line' id='line_1_31' title="bbox 882 4141 3225 4236; baseline 0 -23"><span class='ocrx_word' id='word_1_245' title='bbox 882 4142 1455 4216; x_wconf 89' lang='lat' dir='ltr'>honoratissimis</span> <span class='ocrx_word' id='word_1_246' title='bbox 1511 4142 1703 4235; x_wconf 85' lang='lat' dir='ltr'>viriS,</span> <span class='ocrx_word' id='word_1_247' title='bbox 1761 4164 1953 4214; x_wconf 91' lang='lat' dir='ltr'>unus</span> <span class='ocrx_word' id='word_1_248' title='bbox 2004 4142 2339 4215; x_wconf 89' lang='lat' dir='ltr'>curiosus</span> <span class='ocrx_word' id='word_1_249' title='bbox 2391 4142 2631 4236; x_wconf 89' lang='lat' dir='ltr'>petiit:</span> <span class='ocrx_word' id='word_1_250' title='bbox 2687 4142 2892 4216; x_wconf 90' lang='lat' dir='ltr'>Unde</span> <span class='ocrx_word' id='word_1_251' title='bbox 2944 4148 3074 4235; x_wconf 86' lang='lat' dir='ltr'>est,</span> <span class='ocrx_word' id='word_1_252' title='bbox 3112 4141 3225 4215; x_wconf 79' lang='lat' dir='ltr'>vir</span> 
     </span>
     <span class='ocr_line' id='line_1_32' title="bbox 879 4259 3224 4359; baseline 0.003 -28"><span class='ocrx_word' id='word_1_253' title='bbox 879 4259 1313 4353; x_wconf 87' lang='lat' dir='ltr'>doctissime,</span> <span class='ocrx_word' id='word_1_254' title='bbox 1386 4263 1583 4354; x_wconf 89' lang='lat' dir='ltr'>quod</span> <span class='ocrx_word' id='word_1_255' title='bbox 1635 4262 1745 4335; x_wconf 89' lang='lat' dir='ltr'>vir</span> <span class='ocrx_word' id='word_1_256' title='bbox 1820 4262 2048 4337; x_wconf 92' lang='lat' dir='ltr'>semel</span> <span class='ocrx_word' id='word_1_257' title='bbox 2126 4264 2528 4359; x_wconf 86' lang='lat' dir='ltr'>naufragus</span> <span class='ocrx_word' id='word_1_258' title='bbox 2599 4262 2906 4337; x_wconf 86' lang='lat' dir='ltr'>reintrat</span> <span class='ocrx_word' id='word_1_259' title='bbox 2982 4283 3224 4356; x_wconf 83' lang='lat' dir='ltr'>mare3</span> 
     </span>
     <span class='ocr_line' id='line_1_33' title="bbox 880 4379 3226 4477; baseline 0.003 -27"><span class='ocrx_word' id='word_1_260' title='bbox 880 4379 1077 4472; x_wconf 91' lang='lat' dir='ltr'>quod</span> <span class='ocrx_word' id='word_1_261' title='bbox 1145 4380 1410 4454; x_wconf 91' lang='lat' dir='ltr'>mulier</span> <span class='ocrx_word' id='word_1_262' title='bbox 1474 4382 1701 4456; x_wconf 89' lang='lat' dir='ltr'>semel</span> <span class='ocrx_word' id='word_1_263' title='bbox 1770 4402 2136 4477; x_wconf 89' lang='lat' dir='ltr'>puerpera</span> <span class='ocrx_word' id='word_1_264' title='bbox 2202 4383 2361 4456; x_wconf 82' lang='lat' dir='ltr'>vult</span> <span class='ocrx_word' id='word_1_265' title='bbox 2424 4383 2738 4477; x_wconf 86' lang='lat' dir='ltr'>amplius</span> <span class='ocrx_word' id='word_1_266' title='bbox 2804 4383 3226 4477; x_wconf 81' lang='lat' dir='ltr'>concipere3</span> 
     </span>
    </p>
   </div>
   <div class='ocr_carea' id='block_1_3' title="bbox 1005 4638 2550 4704">
    <p class='ocr_par' dir='ltr' id='par_1_4' title="bbox 1005 4638 2550 4704">
     <span class='ocr_line' id='line_1_34' title="bbox 1005 4638 2550 4704; baseline 0.002 -17"><span class='ocrx_word' id='word_1_267' title='bbox 1005 4639 1060 4700; x_wconf 80' lang='lat'>(⁸)</span> <span class='ocrx_word' id='word_1_268' title='bbox 1091 4638 1150 4687; x_wconf 86' lang='lat' dir='ltr'>E.</span> <span class='ocrx_word' id='word_1_269' title='bbox 1183 4643 1346 4700; x_wconf 78' lang='lat' dir='ltr'>paret.</span> <span class='ocrx_word' id='word_1_270' title='bbox 2229 4639 2284 4704; x_wconf 85' lang='lat'>(¹)</span> <span class='ocrx_word' id='word_1_271' title='bbox 2320 4642 2381 4691; x_wconf 89' lang='lat' dir='ltr'>E.</span> <span class='ocrx_word' id='word_1_272' title='bbox 2411 4641 2550 4704; x_wconf 78' lang='lat' dir='ltr'>quia.</span> 
     </span>
    </p>
   </div>
  </div>
 </body>
</html>
