<?xml version="1.0" encoding="UTF-8"?>
<!DOCTYPE html PUBLIC "-//W3C//DTD XHTML 1.0 Transitional//EN"
    "http://www.w3.org/TR/xhtml1/DTD/xhtml1-transitional.dtd">
<html xmlns="http://www.w3.org/1999/xhtml" xml:lang="en" lang="en">
 <head>
  <title>
</title>
<meta http-equiv="Content-Type" content="text/html;charset=utf-8" />
  <meta name='ocr-system' content='tesseract 3.04.00' />
  <meta name='ocr-capabilities' content='ocr_page ocr_carea ocr_par ocr_line ocrx_word'/>
</head>
<body>
  <div class='ocr_page' id='page_1' title='image "benvenutideramb00lacagoog_0079.png"; bbox 0 0 3704 5559; ppageno 0'>
   <div class='ocr_carea' id='block_1_1' title="bbox 1364 496 2891 561">
    <p class='ocr_par' dir='ltr' id='par_1_1' title="bbox 1364 496 2891 561">
     <span class='ocr_line' id='line_1_1' title="bbox 1364 496 2891 561; baseline 0.003 -5"><span class='ocrx_word' id='word_1_1' title='bbox 1364 502 1640 556; x_wconf 72' lang='lat' dir='ltr'>CANTus</span> <span class='ocrx_word' id='word_1_2' title='bbox 1691 503 2081 557; x_wconf 79' lang='lat' dir='ltr'><strong>SECUNDUS,</strong></span> <span class='ocrx_word' id='word_1_3' title='bbox 2799 496 2891 561; x_wconf 85' lang='lat'>67</span> 
     </span>
    </p>
   </div>
   <div class='ocr_carea' id='block_1_2' title="bbox 535 646 2903 4465">
    <p class='ocr_par' dir='ltr' id='par_1_2' title="bbox 535 646 2903 4465">
     <span class='ocr_line' id='line_1_2' title="bbox 537 646 2895 744; baseline 0.002 -23"><span class='ocrx_word' id='word_1_4' title='bbox 537 648 890 741; x_wconf 90' lang='lat' dir='ltr'>colorem,</span> <span class='ocrx_word' id='word_1_5' title='bbox 928 646 1117 721; x_wconf 88' lang='lat' dir='ltr'>sicut</span> <span class='ocrx_word' id='word_1_6' title='bbox 1170 653 1279 720; x_wconf 91' lang='lat' dir='ltr'>est</span> <span class='ocrx_word' id='word_1_7' title='bbox 1330 646 1421 720; x_wconf 90' lang='lat' dir='ltr'>de</span> <span class='ocrx_word' id='word_1_8' title='bbox 1473 654 1742 722; x_wconf 87' lang='lat' dir='ltr'>natura</span> <span class='ocrx_word' id='word_1_9' title='bbox 1797 648 2114 742; x_wconf 83' lang='lat' dir='ltr'>timoris3</span> <span class='ocrx_word' id='word_1_10' title='bbox 2162 649 2310 722; x_wconf 94' lang='lat' dir='ltr'>imo</span> <span class='ocrx_word' id='word_1_11' title='bbox 2362 649 2755 744; x_wconf 89' lang='lat' dir='ltr'>aliquando</span> <span class='ocrx_word' id='word_1_12' title='bbox 2795 651 2895 725; x_wconf 89' lang='lat' dir='ltr'>ita</span> 
     </span>
     <span class='ocr_line' id='line_1_3' title="bbox 537 767 2896 866; baseline 0.003 -25"><span class='ocrx_word' id='word_1_13' title='bbox 537 767 883 862; x_wconf 87' lang='lat' dir='ltr'>opprimit</span> <span class='ocrx_word' id='word_1_14' title='bbox 942 767 1397 862; x_wconf 82' lang='lat' dir='ltr'>phantasiam</span> <span class='ocrx_word' id='word_1_15' title='bbox 1472 769 1669 862; x_wconf 92' lang='lat' dir='ltr'>quod</span> <span class='ocrx_word' id='word_1_16' title='bbox 1739 769 1990 864; x_wconf 92' lang='lat' dir='ltr'>lingua</span> <span class='ocrx_word' id='word_1_17' title='bbox 2056 770 2326 864; x_wconf 90' lang='lat' dir='ltr'>ligatur</span> <span class='ocrx_word' id='word_1_18' title='bbox 2384 771 2483 844; x_wconf 91' lang='lat' dir='ltr'>ita</span> <span class='ocrx_word' id='word_1_19' title='bbox 2555 778 2637 843; x_wconf 90' lang='lat' dir='ltr'>ut</span> <span class='ocrx_word' id='word_1_20' title='bbox 2696 771 2896 866; x_wconf 91' lang='lat' dir='ltr'>loqui</span> 
     </span>
     <span class='ocr_line' id='line_1_4' title="bbox 535 887 2896 981; baseline 0.003 -22"><span class='ocrx_word' id='word_1_21' title='bbox 535 908 682 960; x_wconf 91' lang='lat' dir='ltr'>non</span> <span class='ocrx_word' id='word_1_22' title='bbox 733 888 979 981; x_wconf 85' lang='lat' dir='ltr'><strong>possit.</strong></span> <span class='ocrx_word' id='word_1_23' title='bbox 1042 887 1161 959; x_wconf 87' lang='lat' dir='ltr'>Isti</span> <span class='ocrx_word' id='word_1_24' title='bbox 1230 893 1482 961; x_wconf 88' lang='lat' dir='ltr'>autem</span> <span class='ocrx_word' id='word_1_25' title='bbox 1554 889 2018 962; x_wconf 87' lang='lat' dir='ltr'>mirabantur</span> <span class='ocrx_word' id='word_1_26' title='bbox 2087 890 2177 964; x_wconf 91' lang='lat' dir='ltr'>de</span> <span class='ocrx_word' id='word_1_27' title='bbox 2244 911 2325 964; x_wconf 94' lang='lat' dir='ltr'>re</span> <span class='ocrx_word' id='word_1_28' title='bbox 2395 912 2587 965; x_wconf 88' lang='lat' dir='ltr'>nova</span> <span class='ocrx_word' id='word_1_29' title='bbox 2653 899 2727 966; x_wconf 90' lang='lat' dir='ltr'>et</span> <span class='ocrx_word' id='word_1_30' title='bbox 2785 892 2896 966; x_wconf 88' lang='lat' dir='ltr'>in-</span> 
     </span>
     <span class='ocr_line' id='line_1_5' title="bbox 536 1007 2891 1108; baseline 0.002 -27"><span class='ocrx_word' id='word_1_31' title='bbox 536 1016 770 1101; x_wconf 90' lang='lat' dir='ltr'>sueta,</span> <span class='ocrx_word' id='word_1_32' title='bbox 808 1009 1083 1081; x_wconf 90' lang='lat' dir='ltr'>scilicet</span> <span class='ocrx_word' id='word_1_33' title='bbox 1118 1007 1313 1102; x_wconf 91' lang='lat' dir='ltr'>quod</span> <span class='ocrx_word' id='word_1_34' title='bbox 1353 1030 1546 1081; x_wconf 90' lang='lat' dir='ltr'>unus</span> <span class='ocrx_word' id='word_1_35' title='bbox 1580 1010 1835 1083; x_wconf 81' lang='lat' dir='ltr'><strong>vivens</strong></span> <span class='ocrx_word' id='word_1_36' title='bbox 1872 1010 2189 1085; x_wconf 89' lang='lat' dir='ltr'>venisset</span> <span class='ocrx_word' id='word_1_37' title='bbox 2223 1011 2316 1084; x_wconf 87' lang='lat' dir='ltr'>ad</span> <span class='ocrx_word' id='word_1_38' title='bbox 2351 1012 2891 1108; x_wconf 90' lang='lat' dir='ltr'>purgatorium,</span> 
     </span>
     <span class='ocr_line' id='line_1_6' title="bbox 539 1128 2893 1228; baseline 0.003 -27"><span class='ocrx_word' id='word_1_39' title='bbox 539 1136 614 1202; x_wconf 92' lang='lat' dir='ltr'>et</span> <span class='ocrx_word' id='word_1_40' title='bbox 661 1150 793 1224; x_wconf 91' lang='lat' dir='ltr'>per</span> <span class='ocrx_word' id='word_1_41' title='bbox 844 1129 1065 1202; x_wconf 88' lang='lat' dir='ltr'>aliam</span> <span class='ocrx_word' id='word_1_42' title='bbox 1128 1128 1323 1202; x_wconf 86' lang='lat' dir='ltr'>viam</span> <span class='ocrx_word' id='word_1_43' title='bbox 1393 1151 1618 1222; x_wconf 91' lang='lat' dir='ltr'>quam</span> <span class='ocrx_word' id='word_1_44' title='bbox 1689 1131 1864 1225; x_wconf 75' lang='lat' dir='ltr'>ipsi,</span> <span class='ocrx_word' id='word_1_45' title='bbox 1931 1131 2081 1226; x_wconf 91' lang='lat' dir='ltr'>ipse</span> <span class='ocrx_word' id='word_1_46' title='bbox 2145 1132 2338 1206; x_wconf 92' lang='lat' dir='ltr'>enim</span> <span class='ocrx_word' id='word_1_47' title='bbox 2407 1141 2712 1207; x_wconf 85' lang='lat' dir='ltr'>venerat</span> <span class='ocrx_word' id='word_1_48' title='bbox 2764 1155 2893 1228; x_wconf 92' lang='lat' dir='ltr'>per</span> 
     </span>
     <span class='ocr_line' id='line_1_7' title="bbox 536 1249 2895 1345; baseline 0.002 -23"><span class='ocrx_word' id='word_1_49' title='bbox 536 1255 844 1342; x_wconf 88' lang='lat' dir='ltr'>terram,</span> <span class='ocrx_word' id='word_1_50' title='bbox 897 1249 997 1321; x_wconf 89' lang='lat' dir='ltr'>illi</span> <span class='ocrx_word' id='word_1_51' title='bbox 1049 1269 1229 1322; x_wconf 89' lang='lat' dir='ltr'>vero</span> <span class='ocrx_word' id='word_1_52' title='bbox 1281 1270 1414 1343; x_wconf 86' lang='lat' dir='ltr'>per</span> <span class='ocrx_word' id='word_1_53' title='bbox 1464 1271 1719 1343; x_wconf 84' lang='lat' dir='ltr'>mare3</span> <span class='ocrx_word' id='word_1_54' title='bbox 1774 1257 1848 1324; x_wconf 92' lang='lat' dir='ltr'>et</span> <span class='ocrx_word' id='word_1_55' title='bbox 1900 1251 2276 1325; x_wconf 83' lang='lat' dir='ltr'>moraliter</span> <span class='ocrx_word' id='word_1_56' title='bbox 2333 1253 2699 1345; x_wconf 90' lang='lat' dir='ltr'>loquendo</span> <span class='ocrx_word' id='word_1_57' title='bbox 2752 1253 2895 1326; x_wconf 92' lang='lat' dir='ltr'>mi-</span> 
     </span>
     <span class='ocr_line' id='line_1_8' title="bbox 540 1369 2895 1466; baseline 0.002 -24"><span class='ocrx_word' id='word_1_58' title='bbox 540 1369 900 1443; x_wconf 87' lang='lat' dir='ltr'>rabantur</span> <span class='ocrx_word' id='word_1_59' title='bbox 953 1370 1149 1464; x_wconf 91' lang='lat' dir='ltr'>quod</span> <span class='ocrx_word' id='word_1_60' title='bbox 1202 1370 1352 1465; x_wconf 89' lang='lat' dir='ltr'>ipse</span> <span class='ocrx_word' id='word_1_61' title='bbox 1404 1372 1601 1442; x_wconf 90' lang='lat' dir='ltr'>solus</span> <span class='ocrx_word' id='word_1_62' title='bbox 1652 1371 1840 1444; x_wconf 90' lang='lat' dir='ltr'>inter</span> <span class='ocrx_word' id='word_1_63' title='bbox 1895 1377 2025 1464; x_wconf 90' lang='lat' dir='ltr'>tot,</span> <span class='ocrx_word' id='word_1_64' title='bbox 2077 1379 2248 1444; x_wconf 90' lang='lat' dir='ltr'>ante</span> <span class='ocrx_word' id='word_1_65' title='bbox 2300 1378 2592 1466; x_wconf 91' lang='lat' dir='ltr'>tempus</span> <span class='ocrx_word' id='word_1_66' title='bbox 2641 1384 2715 1448; x_wconf 91' lang='lat' dir='ltr'>et</span> <span class='ocrx_word' id='word_1_67' title='bbox 2757 1374 2895 1447; x_wconf 90' lang='lat' dir='ltr'>ho-</span> 
     </span>
     <span class='ocr_line' id='line_1_9' title="bbox 538 1490 2892 1585; baseline 0.002 -23"><span class='ocrx_word' id='word_1_68' title='bbox 538 1511 700 1564; x_wconf 89' lang='lat' dir='ltr'>ram</span> <span class='ocrx_word' id='word_1_69' title='bbox 755 1490 1012 1563; x_wconf 91' lang='lat' dir='ltr'>mortis</span> <span class='ocrx_word' id='word_1_70' title='bbox 1060 1496 1362 1565; x_wconf 84' lang='lat' dir='ltr'>venerat</span> <span class='ocrx_word' id='word_1_71' title='bbox 1422 1490 1514 1564; x_wconf 91' lang='lat' dir='ltr'>ad</span> <span class='ocrx_word' id='word_1_72' title='bbox 1566 1491 2093 1584; x_wconf 88' lang='lat' dir='ltr'>poenitentiam,</span> <span class='ocrx_word' id='word_1_73' title='bbox 2151 1513 2374 1585; x_wconf 91' lang='lat' dir='ltr'>quam</span> <span class='ocrx_word' id='word_1_74' title='bbox 2437 1492 2534 1564; x_wconf 93' lang='lat' dir='ltr'>illi</span> <span class='ocrx_word' id='word_1_75' title='bbox 2588 1492 2892 1568; x_wconf 90' lang='lat' dir='ltr'>distule-</span> 
     </span>
     <span class='ocr_line' id='line_1_10' title="bbox 539 1609 2889 1704; baseline 0.002 -23"><span class='ocrx_word' id='word_1_76' title='bbox 539 1614 707 1682; x_wconf 89' lang='lat' dir='ltr'>rant</span> <span class='ocrx_word' id='word_1_77' title='bbox 758 1629 996 1703; x_wconf 91' lang='lat' dir='ltr'>usque</span> <span class='ocrx_word' id='word_1_78' title='bbox 1046 1609 1119 1682; x_wconf 93' lang='lat' dir='ltr'>in</span> <span class='ocrx_word' id='word_1_79' title='bbox 1174 1610 1415 1683; x_wconf 88' lang='lat' dir='ltr'>finem.</span> <span class='ocrx_word' id='word_1_80' title='bbox 1471 1610 1558 1681; x_wconf 93' lang='lat' dir='ltr'>Et</span> <span class='ocrx_word' id='word_1_81' title='bbox 1610 1610 1923 1685; x_wconf 79' lang='lat' dir='ltr'>ostendit</span> <span class='ocrx_word' id='word_1_82' title='bbox 1975 1611 2347 1704; x_wconf 91' lang='lat' dir='ltr'>quomodo</span> <span class='ocrx_word' id='word_1_83' title='bbox 2404 1632 2662 1685; x_wconf 92' lang='lat' dir='ltr'>omnes</span> <span class='ocrx_word' id='word_1_84' title='bbox 2715 1633 2889 1685; x_wconf 90' lang='lat' dir='ltr'>cum</span> 
     </span>
     <span class='ocr_line' id='line_1_11' title="bbox 541 1724 2897 1821; baseline 0.003 -21"><span class='ocrx_word' id='word_1_85' title='bbox 541 1749 834 1802; x_wconf 86' lang='lat' dir='ltr'>summa</span> <span class='ocrx_word' id='word_1_86' title='bbox 885 1728 1292 1803; x_wconf 79' lang='lat' dir='ltr'>festinantia</span> <span class='ocrx_word' id='word_1_87' title='bbox 1345 1737 1888 1803; x_wconf 87' lang='lat' dir='ltr'>concurrerunt</span> <span class='ocrx_word' id='word_1_88' title='bbox 1940 1731 2127 1804; x_wconf 91' lang='lat' dir='ltr'>sicut</span> <span class='ocrx_word' id='word_1_89' title='bbox 2158 1724 2231 1821; x_wconf 73' lang='lat'>(¹)</span> <span class='ocrx_word' id='word_1_90' title='bbox 2269 1731 2342 1803; x_wconf 90' lang='lat' dir='ltr'>in</span> <span class='ocrx_word' id='word_1_91' title='bbox 2395 1731 2739 1804; x_wconf 90' lang='lat' dir='ltr'>omnibus</span> <span class='ocrx_word' id='word_1_92' title='bbox 2776 1753 2897 1806; x_wconf 91' lang='lat' dir='ltr'>re-</span> 
     </span>
     <span class='ocr_line' id='line_1_12' title="bbox 543 1847 2900 1943; baseline 0.002 -23"><span class='ocrx_word' id='word_1_93' title='bbox 543 1847 683 1921; x_wconf 92' lang='lat' dir='ltr'>bus</span> <span class='ocrx_word' id='word_1_94' title='bbox 735 1849 1067 1923; x_wconf 90' lang='lat' dir='ltr'>videmus</span> <span class='ocrx_word' id='word_1_95' title='bbox 1118 1849 1475 1942; x_wconf 90' lang='lat' dir='ltr'>accidere,</span> <span class='ocrx_word' id='word_1_96' title='bbox 1530 1850 1727 1943; x_wconf 92' lang='lat' dir='ltr'>quod</span> <span class='ocrx_word' id='word_1_97' title='bbox 1778 1851 1872 1924; x_wconf 92' lang='lat' dir='ltr'>ad</span> <span class='ocrx_word' id='word_1_98' title='bbox 1938 1873 2127 1925; x_wconf 88' lang='lat' dir='ltr'>nova</span> <span class='ocrx_word' id='word_1_99' title='bbox 2194 1851 2527 1924; x_wconf 90' lang='lat' dir='ltr'>homines</span> <span class='ocrx_word' id='word_1_100' title='bbox 2581 1872 2900 1925; x_wconf 91' lang='lat' dir='ltr'>concur-</span> 
     </span>
     <span class='ocr_line' id='line_1_13' title="bbox 538 1969 2898 2064; baseline 0.002 -24"><span class='ocrx_word' id='word_1_101' title='bbox 538 1975 750 2062; x_wconf 84' lang='lat' dir='ltr'>runt3</span> <span class='ocrx_word' id='word_1_102' title='bbox 787 1975 862 2043; x_wconf 91' lang='lat' dir='ltr'>et</span> <span class='ocrx_word' id='word_1_103' title='bbox 896 1969 1036 2042; x_wconf 90' lang='lat' dir='ltr'>hoc</span> <span class='ocrx_word' id='word_1_104' title='bbox 1070 1990 1200 2063; x_wconf 91' lang='lat' dir='ltr'>per</span> <span class='ocrx_word' id='word_1_105' title='bbox 1237 1970 1864 2064; x_wconf 86' lang='lat' dir='ltr'>comparationem</span> <span class='ocrx_word' id='word_1_106' title='bbox 1903 1972 2113 2044; x_wconf 86' lang='lat' dir='ltr'>valde</span> <span class='ocrx_word' id='word_1_107' title='bbox 2148 1973 2423 2044; x_wconf 88' lang='lat' dir='ltr'>claram</span> <span class='ocrx_word' id='word_1_108' title='bbox 2463 1971 2554 2045; x_wconf 94' lang='lat' dir='ltr'>de</span> <span class='ocrx_word' id='word_1_109' title='bbox 2589 1992 2898 2045; x_wconf 91' lang='lat' dir='ltr'>cursore</span> 
     </span>
     <span class='ocr_line' id='line_1_14' title="bbox 540 2088 2892 2186; baseline 0.001 -24"><span class='ocrx_word' id='word_1_110' title='bbox 540 2088 668 2182; x_wconf 90' lang='lat' dir='ltr'>qui</span> <span class='ocrx_word' id='word_1_111' title='bbox 716 2095 962 2184; x_wconf 88' lang='lat' dir='ltr'>portat</span> <span class='ocrx_word' id='word_1_112' title='bbox 1009 2089 1311 2164; x_wconf 85' lang='lat' dir='ltr'>olivum.</span> <span class='ocrx_word' id='word_1_113' title='bbox 1366 2090 1550 2163; x_wconf 88' lang='lat' dir='ltr'>Dicit</span> <span class='ocrx_word' id='word_1_114' title='bbox 1602 2110 1819 2186; x_wconf 89' lang='lat' dir='ltr'>ergo:</span> <span class='ocrx_word' id='word_1_115' title='bbox 1882 2114 1918 2163; x_wconf 85' lang='lat' dir='ltr'>e</span> <span class='ocrx_word' id='word_1_116' title='bbox 1969 2096 2185 2184; x_wconf 81' lang='lat' dir='ltr'>quelle</span> <span class='ocrx_word' id='word_1_117' title='bbox 2237 2096 2467 2164; x_wconf 80' lang='lat' dir='ltr'>anime</span> <span class='ocrx_word' id='word_1_118' title='bbox 2510 2097 2892 2186; x_wconf 78' lang='lat' dir='ltr'>fortunate,</span> 
     </span>
     <span class='ocr_line' id='line_1_15' title="bbox 544 2209 2900 2305; baseline 0.001 -24"><span class='ocrx_word' id='word_1_119' title='bbox 544 2209 717 2302; x_wconf 87' lang='lat' dir='ltr'>quia</span> <span class='ocrx_word' id='word_1_120' title='bbox 769 2209 1023 2283; x_wconf 86' lang='lat' dir='ltr'>electae</span> <span class='ocrx_word' id='word_1_121' title='bbox 1073 2216 1146 2283; x_wconf 92' lang='lat' dir='ltr'>et</span> <span class='ocrx_word' id='word_1_122' title='bbox 1189 2210 1342 2305; x_wconf 80' lang='lat' dir='ltr'>J&#39;am</span> <span class='ocrx_word' id='word_1_123' title='bbox 1398 2217 1620 2283; x_wconf 86' lang='lat' dir='ltr'>certae</span> <span class='ocrx_word' id='word_1_124' title='bbox 1671 2210 1762 2285; x_wconf 92' lang='lat' dir='ltr'>de</span> <span class='ocrx_word' id='word_1_125' title='bbox 1813 2213 2070 2305; x_wconf 91' lang='lat' dir='ltr'>salute,</span> <span class='ocrx_word' id='word_1_126' title='bbox 2127 2219 2284 2285; x_wconf 78' lang='lat' dir='ltr'>tutte</span> <span class='ocrx_word' id='word_1_127' title='bbox 2333 2220 2586 2304; x_wconf 81' lang='lat' dir='ltr'>quante</span> <span class='ocrx_word' id='word_1_128' title='bbox 2634 2217 2900 2304; x_wconf 80' lang='lat' dir='ltr'>s&#39;affis-</span> 
     </span>
     <span class='ocr_line' id='line_1_16' title="bbox 538 2330 2895 2424; baseline 0.003 -23"><span class='ocrx_word' id='word_1_129' title='bbox 538 2350 711 2402; x_wconf 76' lang='lat' dir='ltr'>saro</span> <span class='ocrx_word' id='word_1_130' title='bbox 760 2332 839 2401; x_wconf 85' lang='lat' dir='ltr'>al</span> <span class='ocrx_word' id='word_1_131' title='bbox 885 2332 1024 2401; x_wconf 79' lang='lat' dir='ltr'>mio</span> <span class='ocrx_word' id='word_1_132' title='bbox 1075 2333 1252 2421; x_wconf 70' lang='grc' dir='ltr'><strong><em>υἰεο,</em></strong></span> <span class='ocrx_word' id='word_1_133' title='bbox 1304 2330 1508 2424; x_wconf 90' lang='lat' dir='ltr'>idest,</span> <span class='ocrx_word' id='word_1_134' title='bbox 1563 2352 1818 2404; x_wconf 89' lang='lat' dir='ltr'>omnes</span> <span class='ocrx_word' id='word_1_135' title='bbox 1872 2331 2362 2406; x_wconf 87' lang='lat' dir='ltr'>firmaverunt</span> <span class='ocrx_word' id='word_1_136' title='bbox 2423 2355 2501 2407; x_wconf 91' lang='lat' dir='ltr'>se</span> <span class='ocrx_word' id='word_1_137' title='bbox 2561 2340 2733 2408; x_wconf 90' lang='lat' dir='ltr'>ante</span> <span class='ocrx_word' id='word_1_138' title='bbox 2784 2333 2895 2407; x_wconf 77' lang='lat' dir='ltr'>t&#39;a-</span> 
     </span>
     <span class='ocr_line' id='line_1_17' title="bbox 540 2449 2890 2549; baseline 0.001 -25"><span class='ocrx_word' id='word_1_139' title='bbox 540 2449 728 2524; x_wconf 89' lang='lat' dir='ltr'>ciem</span> <span class='ocrx_word' id='word_1_140' title='bbox 781 2470 1029 2524; x_wconf 88' lang='lat' dir='ltr'>meam</span> <span class='ocrx_word' id='word_1_141' title='bbox 1081 2458 1156 2524; x_wconf 89' lang='lat' dir='ltr'>et</span> <span class='ocrx_word' id='word_1_142' title='bbox 1207 2472 1329 2524; x_wconf 91' lang='lat' dir='ltr'>me</span> <span class='ocrx_word' id='word_1_143' title='bbox 1382 2451 1864 2544; x_wconf 85' lang='lat' dir='ltr'>respiciebant</span> <span class='ocrx_word' id='word_1_144' title='bbox 1900 2453 2111 2546; x_wconf 91' lang='lat' dir='ltr'>quasi</span> <span class='ocrx_word' id='word_1_145' title='bbox 2146 2455 2494 2549; x_wconf 85' lang='lat' dir='ltr'>angelum</span> <span class='ocrx_word' id='word_1_146' title='bbox 2552 2455 2890 2527; x_wconf 91' lang='lat' dir='ltr'>nuntium</span> 
     </span>
     <span class='ocr_line' id='line_1_18' title="bbox 542 2568 2893 2667; baseline 0.002 -24"><span class='ocrx_word' id='word_1_147' title='bbox 542 2568 854 2662; x_wconf 85' lang='lat' dir='ltr'>Domini,</span> <span class='ocrx_word' id='word_1_148' title='bbox 907 2573 1111 2660; x_wconf 70' lang='lat' dir='ltr'>qnasi</span> <span class='ocrx_word' id='word_1_149' title='bbox 1175 2571 1504 2643; x_wconf 82' lang='lat' dir='ltr'>obliando</span> <span class='ocrx_word' id='word_1_150' title='bbox 1564 2574 1632 2643; x_wconf 86' lang='lat' dir='ltr'>d&#39;</span> <span class='ocrx_word' id='word_1_151' title='bbox 1657 2574 1764 2643; x_wconf 82' lang='lat' dir='ltr'>ire</span> <span class='ocrx_word' id='word_1_152' title='bbox 1821 2593 1869 2643; x_wconf 85' lang='lat' dir='ltr'>a</span> <span class='ocrx_word' id='word_1_153' title='bbox 1931 2575 2120 2665; x_wconf 81' lang='lat' dir='ltr'>farsi</span> <span class='ocrx_word' id='word_1_154' title='bbox 2179 2575 2369 2664; x_wconf 81' lang='lat' dir='ltr'>belle,</span> <span class='ocrx_word' id='word_1_155' title='bbox 2422 2574 2628 2667; x_wconf 92' lang='lat' dir='ltr'>idest,</span> <span class='ocrx_word' id='word_1_156' title='bbox 2684 2575 2893 2666; x_wconf 91' lang='lat' dir='ltr'>quasi</span> 
     </span>
     <span class='ocr_line' id='line_1_19' title="bbox 542 2686 2896 2787; baseline 0.002 -25"><span class='ocrx_word' id='word_1_157' title='bbox 542 2686 1034 2763; x_wconf 86' lang='lat' dir='ltr'>obliviscendo</span> <span class='ocrx_word' id='word_1_158' title='bbox 1086 2689 1195 2763; x_wconf 88' lang='lat' dir='ltr'>ire</span> <span class='ocrx_word' id='word_1_159' title='bbox 1245 2689 1338 2762; x_wconf 91' lang='lat' dir='ltr'>ad</span> <span class='ocrx_word' id='word_1_160' title='bbox 1408 2697 1761 2785; x_wconf 90' lang='lat' dir='ltr'>montem,</span> <span class='ocrx_word' id='word_1_161' title='bbox 1828 2691 1921 2764; x_wconf 92' lang='lat' dir='ltr'>de</span> <span class='ocrx_word' id='word_1_162' title='bbox 1988 2691 2198 2764; x_wconf 91' lang='lat' dir='ltr'>cuius</span> <span class='ocrx_word' id='word_1_163' title='bbox 2267 2693 2383 2765; x_wconf 89' lang='lat' dir='ltr'>via</span> <span class='ocrx_word' id='word_1_164' title='bbox 2442 2695 2663 2787; x_wconf 92' lang='lat' dir='ltr'>paulo</span> <span class='ocrx_word' id='word_1_165' title='bbox 2723 2701 2896 2768; x_wconf 90' lang='lat' dir='ltr'>ante</span> 
     </span>
     <span class='ocr_line' id='line_1_20' title="bbox 542 2809 2897 2908; baseline 0.002 -25"><span class='ocrx_word' id='word_1_166' title='bbox 542 2810 929 2903; x_wconf 85' lang='lat' dir='ltr'>petebant3</span> <span class='ocrx_word' id='word_1_167' title='bbox 967 2809 1041 2882; x_wconf 93' lang='lat' dir='ltr'>in</span> <span class='ocrx_word' id='word_1_168' title='bbox 1076 2830 1224 2903; x_wconf 92' lang='lat' dir='ltr'>quo</span> <span class='ocrx_word' id='word_1_169' title='bbox 1262 2811 1558 2904; x_wconf 90' lang='lat' dir='ltr'>quidem</span> <span class='ocrx_word' id='word_1_170' title='bbox 1598 2817 1849 2884; x_wconf 90' lang='lat' dir='ltr'>monte</span> <span class='ocrx_word' id='word_1_171' title='bbox 1891 2811 2158 2884; x_wconf 85' lang='lat' dir='ltr'>animae</span> <span class='ocrx_word' id='word_1_172' title='bbox 2193 2811 2377 2884; x_wconf 89' lang='lat' dir='ltr'>fiunt</span> <span class='ocrx_word' id='word_1_173' title='bbox 2412 2814 2687 2906; x_wconf 86' lang='lat' dir='ltr'>pulcrae</span> <span class='ocrx_word' id='word_1_174' title='bbox 2724 2815 2897 2908; x_wconf 91' lang='lat' dir='ltr'>quia</span> 
     </span>
     <span class='ocr_line' id='line_1_21' title="bbox 541 2929 2900 3026; baseline 0.002 -24"><span class='ocrx_word' id='word_1_175' title='bbox 541 2936 957 3025; x_wconf 90' lang='lat' dir='ltr'>purgantur</span> <span class='ocrx_word' id='word_1_176' title='bbox 1009 2936 1084 3003; x_wconf 92' lang='lat' dir='ltr'>et</span> <span class='ocrx_word' id='word_1_177' title='bbox 1135 2929 1477 3003; x_wconf 89' lang='lat' dir='ltr'>lavantur</span> <span class='ocrx_word' id='word_1_178' title='bbox 1518 2931 1612 3002; x_wconf 92' lang='lat' dir='ltr'>ab</span> <span class='ocrx_word' id='word_1_179' title='bbox 1653 2931 1854 3002; x_wconf 92' lang='lat' dir='ltr'>omni</span> <span class='ocrx_word' id='word_1_180' title='bbox 1907 2931 2342 3026; x_wconf 85' lang='lat' dir='ltr'>contagione</span> <span class='ocrx_word' id='word_1_181' title='bbox 2393 2933 2766 3006; x_wconf 87' lang='lat' dir='ltr'>vitiorum.</span> <span class='ocrx_word' id='word_1_182' title='bbox 2813 2935 2900 3007; x_wconf 91' lang='lat' dir='ltr'>Et</span> 
     </span>
     <span class='ocr_line' id='line_1_22' title="bbox 539 3049 2902 3143; baseline 0.003 -23"><span class='ocrx_word' id='word_1_183' title='bbox 539 3055 878 3122; x_wconf 90' lang='lat' dir='ltr'>notanter</span> <span class='ocrx_word' id='word_1_184' title='bbox 931 3049 1100 3122; x_wconf 92' lang='lat' dir='ltr'>dicit</span> <span class='ocrx_word' id='word_1_185' title='bbox 1151 3053 1377 3141; x_wconf 82' lang='lat' dir='ltr'>quasi,</span> <span class='ocrx_word' id='word_1_186' title='bbox 1434 3049 1607 3143; x_wconf 91' lang='lat' dir='ltr'>quia</span> <span class='ocrx_word' id='word_1_187' title='bbox 1661 3049 2000 3143; x_wconf 86' lang='lat' dir='ltr'>quamvis</span> <span class='ocrx_word' id='word_1_188' title='bbox 2052 3050 2481 3124; x_wconf 89' lang='lat' dir='ltr'>viderentur</span> <span class='ocrx_word' id='word_1_189' title='bbox 2531 3052 2902 3128; x_wconf 90' lang='lat' dir='ltr'>dimittere</span> 
     </span>
     <span class='ocr_line' id='line_1_23' title="bbox 537 3165 2903 3268; baseline 0.002 -26"><span class='ocrx_word' id='word_1_190' title='bbox 537 3165 734 3242; x_wconf 76' lang='lat' dir='ltr'>viam</span> <span class='ocrx_word' id='word_1_191' title='bbox 794 3187 1009 3242; x_wconf 90' lang='lat' dir='ltr'>suam</span> <span class='ocrx_word' id='word_1_192' title='bbox 1070 3189 1337 3262; x_wconf 92' lang='lat' dir='ltr'>parum</span> <span class='ocrx_word' id='word_1_193' title='bbox 1407 3167 1769 3242; x_wconf 89' lang='lat' dir='ltr'>firmando</span> <span class='ocrx_word' id='word_1_194' title='bbox 1842 3190 1943 3262; x_wconf 90' lang='lat' dir='ltr'>se,</span> <span class='ocrx_word' id='word_1_195' title='bbox 2002 3175 2247 3244; x_wconf 91' lang='lat' dir='ltr'>tamen</span> <span class='ocrx_word' id='word_1_196' title='bbox 2306 3171 2903 3268; x_wconf 87' lang='lat' dir='ltr'>imaginabantur</span> 
     </span>
     <span class='ocr_line' id='line_1_24' title="bbox 540 3287 2898 3382; baseline 0.003 -22"><span class='ocrx_word' id='word_1_197' title='bbox 540 3291 689 3361; x_wconf 78' lang='lat' dir='ltr'>non&#39;</span> <span class='ocrx_word' id='word_1_198' title='bbox 735 3287 1050 3382; x_wconf 90' lang='lat' dir='ltr'>perdere</span> <span class='ocrx_word' id='word_1_199' title='bbox 1103 3294 1393 3382; x_wconf 90' lang='lat' dir='ltr'>tempus</span> <span class='ocrx_word' id='word_1_200' title='bbox 1464 3294 1538 3361; x_wconf 92' lang='lat' dir='ltr'>et</span> <span class='ocrx_word' id='word_1_201' title='bbox 1604 3310 1934 3382; x_wconf 85' lang='lat' dir='ltr'>operam,</span> <span class='ocrx_word' id='word_1_202' title='bbox 1989 3289 2048 3362; x_wconf 92' lang='lat' dir='ltr'>si</span> <span class='ocrx_word' id='word_1_203' title='bbox 2110 3290 2451 3365; x_wconf 83' lang='lat' dir='ltr'>videbant</span> <span class='ocrx_word' id='word_1_204' title='bbox 2518 3292 2898 3366; x_wconf 90' lang='lat' dir='ltr'>hominem</span> 
     </span>
     <span class='ocr_line' id='line_1_25' title="bbox 543 3406 2893 3506; baseline 0.003 -26"><span class='ocrx_word' id='word_1_205' title='bbox 543 3406 1021 3481; x_wconf 86' lang='lat' dir='ltr'>constitutum</span> <span class='ocrx_word' id='word_1_206' title='bbox 1072 3407 1148 3481; x_wconf 91' lang='lat' dir='ltr'>in</span> <span class='ocrx_word' id='word_1_207' title='bbox 1201 3416 1400 3483; x_wconf 89' lang='lat' dir='ltr'>tanta</span> <span class='ocrx_word' id='word_1_208' title='bbox 1454 3408 1691 3503; x_wconf 91' lang='lat' dir='ltr'>gratia</span> <span class='ocrx_word' id='word_1_209' title='bbox 1727 3408 1982 3483; x_wconf 86' lang='lat' dir='ltr'>vivum</span> <span class='ocrx_word' id='word_1_210' title='bbox 2021 3409 2131 3483; x_wconf 92' lang='lat' dir='ltr'>ire</span> <span class='ocrx_word' id='word_1_211' title='bbox 2164 3430 2296 3504; x_wconf 89' lang='lat' dir='ltr'>per</span> <span class='ocrx_word' id='word_1_212' title='bbox 2340 3412 2893 3506; x_wconf 87' lang='lat' dir='ltr'>purgatorium:</span> 
     </span>
     <span class='ocr_line' id='line_1_26' title="bbox 543 3520 2896 3621; baseline 0.002 -21"><span class='ocrx_word' id='word_1_213' title='bbox 543 3531 617 3600; x_wconf 85' lang='lat' dir='ltr'>et</span> <span class='ocrx_word' id='word_1_214' title='bbox 663 3524 1024 3601; x_wconf 83' lang='lat' dir='ltr'>faciebant</span> <span class='ocrx_word' id='word_1_215' title='bbox 1073 3549 1119 3601; x_wconf 88' lang='lat' dir='ltr'>a</span> <span class='ocrx_word' id='word_1_216' title='bbox 1169 3526 1407 3621; x_wconf 86' lang='lat' dir='ltr'>simili,</span> <span class='ocrx_word' id='word_1_217' title='bbox 1458 3520 1600 3600; x_wconf 69' lang='lat' dir='ltr'>cosi</span> <span class='ocrx_word' id='word_1_218' title='bbox 1651 3550 1841 3600; x_wconf 84' lang='lat' dir='ltr'>come</span> <span class='ocrx_word' id='word_1_219' title='bbox 1902 3532 1975 3601; x_wconf 85' lang='lat' dir='ltr'>la</span> <span class='ocrx_word' id='word_1_220' title='bbox 2040 3537 2238 3619; x_wconf 74' lang='lat' dir='ltr'>yeme</span> <span class='ocrx_word' id='word_1_221' title='bbox 2305 3538 2555 3620; x_wconf 72' lang='lat' dir='ltr'>trayye</span> <span class='ocrx_word' id='word_1_222' title='bbox 2614 3553 2662 3603; x_wconf 90' lang='grc' dir='ltr'><em>α</em></span> <span class='ocrx_word' id='word_1_223' title='bbox 2712 3553 2896 3604; x_wconf 83' lang='lat' dir='ltr'>mes-</span> 
     </span>
     <span class='ocr_line' id='line_1_27' title="bbox 540 3648 2894 3748; baseline 0.004 -30"><span class='ocrx_word' id='word_1_224' title='bbox 540 3664 803 3737; x_wconf 69' lang='lat' dir='ltr'>sayqer</span> <span class='ocrx_word' id='word_1_225' title='bbox 852 3649 972 3719; x_wconf 71' lang='lat' dir='ltr'>che</span> <span class='ocrx_word' id='word_1_226' title='bbox 1008 3654 1231 3740; x_wconf 82' lang='lat' dir='ltr'>porta</span> <span class='ocrx_word' id='word_1_227' title='bbox 1278 3651 1490 3739; x_wconf 78' lang='lat' dir='ltr'>ulivO,</span> <span class='ocrx_word' id='word_1_228' title='bbox 1531 3668 1672 3739; x_wconf 83' lang='lat' dir='ltr'>per</span> <span class='ocrx_word' id='word_1_229' title='bbox 1718 3649 1882 3720; x_wconf 82' lang='lat' dir='ltr'>udir</span> <span class='ocrx_word' id='word_1_230' title='bbox 1942 3651 2231 3739; x_wconf 81' lang='lat' dir='ltr'>novelle,</span> <span class='ocrx_word' id='word_1_231' title='bbox 2282 3648 2513 3723; x_wconf 85' lang='lat' dir='ltr'>avidis</span> <span class='ocrx_word' id='word_1_232' title='bbox 2564 3651 2894 3748; x_wconf 89' lang='lat' dir='ltr'>auribus,</span> 
     </span>
     <span class='ocr_line' id='line_1_28' title="bbox 542 3767 2900 3861; baseline 0.004 -24"><span class='ocrx_word' id='word_1_233' title='bbox 542 3785 581 3836; x_wconf 73' lang='lat' dir='ltr'>e</span> <span class='ocrx_word' id='word_1_234' title='bbox 628 3767 703 3838; x_wconf 79' lang='lat' dir='ltr'>di</span> <span class='ocrx_word' id='word_1_235' title='bbox 750 3768 993 3838; x_wconf 80' lang='lat' dir='ltr'>calcar</span> <span class='ocrx_word' id='word_1_236' title='bbox 1040 3788 1294 3840; x_wconf 79' lang='lat' dir='ltr'>nesszm</span> <span class='ocrx_word' id='word_1_237' title='bbox 1325 3770 1389 3839; x_wconf 80' lang='lat' dir='ltr'>si</span> <span class='ocrx_word' id='word_1_238' title='bbox 1420 3773 1688 3840; x_wconf 79' lang='lat' dir='ltr'>mostra</span> <span class='ocrx_word' id='word_1_239' title='bbox 1723 3770 1981 3858; x_wconf 77' lang='lat' dir='ltr'>schivO,</span> <span class='ocrx_word' id='word_1_240' title='bbox 2020 3768 2192 3861; x_wconf 91' lang='lat' dir='ltr'>quia</span> <span class='ocrx_word' id='word_1_241' title='bbox 2235 3769 2306 3840; x_wconf 91' lang='lat' dir='ltr'>in</span> <span class='ocrx_word' id='word_1_242' title='bbox 2346 3770 2468 3842; x_wconf 92' lang='lat' dir='ltr'>tali</span> <span class='ocrx_word' id='word_1_243' title='bbox 2522 3778 2690 3844; x_wconf 91' lang='lat' dir='ltr'>actu</span> <span class='ocrx_word' id='word_1_244' title='bbox 2730 3774 2900 3846; x_wconf 90' lang='lat' dir='ltr'>nul-</span> 
     </span>
     <span class='ocr_line' id='line_1_29' title="bbox 543 3881 2896 3979; baseline 0.004 -21"><span class='ocrx_word' id='word_1_245' title='bbox 543 3881 659 3960; x_wconf 80' lang='lat' dir='ltr'>lus</span> <span class='ocrx_word' id='word_1_246' title='bbox 705 3891 1005 3979; x_wconf 83' lang='lat' dir='ltr'>praestat</span> <span class='ocrx_word' id='word_1_247' title='bbox 1054 3887 1547 3962; x_wconf 84' lang='lat' dir='ltr'>reverentiam</span> <span class='ocrx_word' id='word_1_248' title='bbox 1603 3887 1814 3960; x_wconf 87' lang='lat' dir='ltr'>alteri</span> <span class='ocrx_word' id='word_1_249' title='bbox 1850 3887 2175 3961; x_wconf 92' lang='lat' dir='ltr'>cedendo</span> <span class='ocrx_word' id='word_1_250' title='bbox 2215 3889 2369 3962; x_wconf 89' lang='lat' dir='ltr'>sibi.</span> <span class='ocrx_word' id='word_1_251' title='bbox 2416 3890 2506 3962; x_wconf 90' lang='lat' dir='ltr'>Et</span> <span class='ocrx_word' id='word_1_252' title='bbox 2557 3891 2671 3964; x_wconf 91' lang='lat' dir='ltr'>hic</span> <span class='ocrx_word' id='word_1_253' title='bbox 2723 3898 2896 3967; x_wconf 84' lang='lat' dir='ltr'>nota</span> 
     </span>
     <span class='ocr_line' id='line_1_30' title="bbox 543 4007 2893 4104; baseline 0.003 -24"><span class='ocrx_word' id='word_1_254' title='bbox 543 4011 905 4100; x_wconf 77' lang='lat' dir='ltr'>quantum</span> <span class='ocrx_word' id='word_1_255' title='bbox 961 4010 1412 4103; x_wconf 90' lang='lat' dir='ltr'>comparatio</span> <span class='ocrx_word' id='word_1_256' title='bbox 1481 4013 1593 4081; x_wconf 88' lang='lat' dir='ltr'>est</span> <span class='ocrx_word' id='word_1_257' title='bbox 1654 4007 1949 4102; x_wconf 89' lang='lat' dir='ltr'>propria</span> <span class='ocrx_word' id='word_1_258' title='bbox 2008 4010 2099 4083; x_wconf 91' lang='lat' dir='ltr'>ad</span> <span class='ocrx_word' id='word_1_259' title='bbox 2159 4010 2638 4104; x_wconf 88' lang='lat' dir='ltr'>propositum.</span> <span class='ocrx_word' id='word_1_260' title='bbox 2709 4013 2893 4086; x_wconf 88' lang='lat' dir='ltr'>Nam</span> 
     </span>
     <span class='ocr_line' id='line_1_31' title="bbox 544 4127 2900 4226; baseline 0.003 -27"><span class='ocrx_word' id='word_1_261' title='bbox 544 4130 758 4219; x_wconf 81' lang='lat' dir='ltr'>poeta</span> <span class='ocrx_word' id='word_1_262' title='bbox 807 4133 1057 4202; x_wconf 90' lang='lat' dir='ltr'>noster</span> <span class='ocrx_word' id='word_1_263' title='bbox 1100 4135 1262 4203; x_wconf 87' lang='lat' dir='ltr'>erat</span> <span class='ocrx_word' id='word_1_264' title='bbox 1294 4147 1533 4224; x_wconf 62' lang='lat' dir='ltr'>novus</span> <span class='ocrx_word' id='word_1_265' title='bbox 1569 4127 1872 4199; x_wconf 91' lang='lat' dir='ltr'>nuntius</span> <span class='ocrx_word' id='word_1_266' title='bbox 1904 4134 2204 4221; x_wconf 90' lang='lat' dir='ltr'>portans</span> <span class='ocrx_word' id='word_1_267' title='bbox 2238 4129 2431 4203; x_wconf 92' lang='lat' dir='ltr'>bona</span> <span class='ocrx_word' id='word_1_268' title='bbox 2467 4151 2685 4225; x_wconf 85' lang='lat' dir='ltr'>nova,</span> <span class='ocrx_word' id='word_1_269' title='bbox 2725 4132 2900 4226; x_wconf 87' lang='lat' dir='ltr'>quia</span> 
     </span>
     <span class='ocr_line' id='line_1_32' title="bbox 544 4239 2896 4349; baseline 0.003 -29"><span class='ocrx_word' id='word_1_270' title='bbox 544 4243 857 4321; x_wconf 55' lang='lat' dir='ltr'>&amp;ciebat</span> <span class='ocrx_word' id='word_1_271' title='bbox 908 4268 1184 4322; x_wconf 84' lang='lat' dir='ltr'>novum</span> <span class='ocrx_word' id='word_1_272' title='bbox 1211 4239 1284 4340; x_wconf 86' lang='lat'>(²)</span> <span class='ocrx_word' id='word_1_273' title='bbox 1320 4268 1528 4342; x_wconf 78' lang='lat' dir='ltr'>opuS,</span> <span class='ocrx_word' id='word_1_274' title='bbox 1568 4253 1641 4321; x_wconf 92' lang='lat' dir='ltr'>et</span> <span class='ocrx_word' id='word_1_275' title='bbox 1680 4247 1870 4322; x_wconf 89' lang='lat' dir='ltr'>bene</span> <span class='ocrx_word' id='word_1_276' title='bbox 1919 4249 2257 4343; x_wconf 84' lang='lat' dir='ltr'>portabat</span> <span class='ocrx_word' id='word_1_277' title='bbox 2310 4271 2603 4325; x_wconf 90' lang='lat' dir='ltr'>ramum</span> <span class='ocrx_word' id='word_1_278' title='bbox 2656 4253 2896 4349; x_wconf 84' lang='lat' dir='ltr'>olivae,</span> 
     </span>
     <span class='ocr_line' id='line_1_33' title="bbox 543 4366 2894 4465; baseline 0.004 -25"><span class='ocrx_word' id='word_1_279' title='bbox 543 4385 717 4460; x_wconf 77' lang='lat' dir='ltr'>quae</span> <span class='ocrx_word' id='word_1_280' title='bbox 763 4372 874 4441; x_wconf 86' lang='lat' dir='ltr'>est</span> <span class='ocrx_word' id='word_1_281' title='bbox 920 4366 1147 4442; x_wconf 90' lang='lat' dir='ltr'>arbor</span> <span class='ocrx_word' id='word_1_282' title='bbox 1195 4367 1474 4464; x_wconf 84' lang='lat' dir='ltr'>gratiae,</span> <span class='ocrx_word' id='word_1_283' title='bbox 1529 4367 1900 4463; x_wconf 86' lang='lat' dir='ltr'>sapientiae</span> <span class='ocrx_word' id='word_1_284' title='bbox 1964 4376 2040 4443; x_wconf 90' lang='lat' dir='ltr'>et</span> <span class='ocrx_word' id='word_1_285' title='bbox 2101 4370 2338 4465; x_wconf 86' lang='lat' dir='ltr'>pacis3</span> <span class='ocrx_word' id='word_1_286' title='bbox 2394 4379 2468 4446; x_wconf 89' lang='lat' dir='ltr'>et</span> <span class='ocrx_word' id='word_1_287' title='bbox 2517 4373 2655 4448; x_wconf 92' lang='lat' dir='ltr'>iste</span> <span class='ocrx_word' id='word_1_288' title='bbox 2705 4374 2894 4449; x_wconf 88' lang='lat' dir='ltr'>filius</span> 
     </span>
    </p>
   </div>
   <div class='ocr_carea' id='block_1_3' title="bbox 668 4631 2270 4700">
    <p class='ocr_par' dir='ltr' id='par_1_3' title="bbox 668 4631 2270 4700">
     <span class='ocr_line' id='line_1_34' title="bbox 668 4631 2270 4700; baseline 0.004 -19"><span class='ocrx_word' id='word_1_289' title='bbox 668 4631 722 4694; x_wconf 87' lang='lat'>(¹)</span> <span class='ocrx_word' id='word_1_290' title='bbox 755 4631 819 4681; x_wconf 87' lang='lat' dir='ltr'>E.</span> <span class='ocrx_word' id='word_1_291' title='bbox 851 4633 985 4683; x_wconf 82' lang='lat' dir='ltr'>sicut</span> <span class='ocrx_word' id='word_1_292' title='bbox 1017 4646 1111 4684; x_wconf 84' lang='lat' dir='ltr'>nos</span> <span class='ocrx_word' id='word_1_293' title='bbox 1142 4633 1213 4684; x_wconf 90' lang='lat' dir='ltr'>in.</span> <span class='ocrx_word' id='word_1_294' title='bbox 1712 4634 1767 4696; x_wconf 91' lang='lat'>(¹)</span> <span class='ocrx_word' id='word_1_295' title='bbox 1801 4635 1863 4684; x_wconf 90' lang='lat' dir='ltr'>E.</span> <span class='ocrx_word' id='word_1_296' title='bbox 1897 4635 2093 4686; x_wconf 85' lang='lat' dir='ltr'>bonum</span> <span class='ocrx_word' id='word_1_297' title='bbox 2124 4651 2270 4700; x_wconf 81' lang='lat' dir='ltr'>opus.</span> 
     </span>
    </p>
   </div>
  </div>
 </body>
</html>
