3704 5559
857 474 949 540 44
1106 504 1117 511 ·
1574 485 1981 540 coMENTUM
2032 486 2473 540 PURGA'ronn

854 636 1099 724 tatem,
1152 651 1340 704 onus
1399 629 1689 703 familiae
1749 637 1823 704 et
1887 630 2132 704 omnia
2209 630 2489 726 gravia,
2543 649 2680 703 nec
2742 636 3041 705 secutus
3094 640 3206 707 est

851 750 1274 844 exemplum
1327 750 1618 824 Catonis
1668 749 1741 821 in
1793 750 2269 844 desperandO,
2308 770 2532 843 quem
2571 757 2821 823 tamen
2866 752 3203 845 sequitur

853 869 925 941 in
977 870 1389 945 accedendo
1439 870 1531 945 ad
1568 870 1943 945 virtutem.
1982 872 2067 942 Et
2104 871 2218 943 hic
2254 877 2450 963 nota,
2488 871 2738 963 lector,
2777 873 2973 964 quod
3017 874 3206 948 sicut

857 990 1101 1064 notavi
1144 991 1215 1064 in
1260 991 1610 1086 principio
1647 991 1905 1065 inferni
1942 998 2014 1065 et
2050 997 2299 1084 postea
2334 991 2730 1084 saepissime
2762 1013 2895 1085 per
2938 1000 3202 1088 totum,

856 1109 1055 1202 quod
1105 1110 1433 1184 infernus
1484 1116 1595 1184 est
1645 1111 1939 1204 duplex,
1983 1110 2251 1184 scilicet
2303 1109 2703 1183 essentialis
2756 1118 2830 1183 et
2881 1112 3202 1207 moraliS,

857 1236 932 1303 et
967 1231 1164 1323 quod
1202 1237 1415 1325 poeta
1447 1232 1810 1304 alterutro
1844 1232 2028 1304 calle
2063 1231 2462 1325 procedens
2498 1230 2832 1305 tractavit
2865 1231 2957 1305 de
2994 1239 3202 1306 utro-

858 1368 1028 1442 que,
1082 1356 1153 1423 et
1221 1350 1590 1445 praecipue
1646 1350 1739 1425 de
1803 1349 2066 1423 morali
2130 1349 2452 1423 maxime
2517 1349 2589 1421 in
2647 1350 2885 1423 dando
2948 1372 3199 1446 poenas

855 1468 1197 1542 omnibus
1229 1470 1623 1565 generibus
1656 1476 2171 1564 peccatorum3
2209 1470 2309 1541 ita
2341 1490 2385 1541 a
2426 1467 2640 1540 simili
2683 1469 3193 1564 purgatorium

854 1593 963 1662 est
1013 1589 1306 1683 duplex,
1359 1589 1626 1664 scilicet
1676 1590 2059 1663 essentiale
2110 1596 2181 1663 et
2234 1589 2535 1662 morale.
2584 1588 2752 1662 Ideo
2801 1595 3020 1663 autor
3070 1589 3199 1664 de-

853 1708 1257 1803 scripturus
1318 1709 1834 1805 purgatorium
1903 1709 2163 1782 eodem
2227 1709 2445 1782 modo
2515 1729 2711 1782 nunc
2776 1714 3041 1783 tractat
3107 1708 3199 1784 de

853 1829 1238 1921 essentiali,
1291 1849 1488 1903 nunc
1537 1829 1630 1903 de
1680 1829 1967 1922 morali,
2008 1829 2132 1902 sed
2170 1828 2764 1923 principalissime
2806 1828 2896 1902 de
2940 1829 3197 1902 morali

855 1948 928 2021 in
960 1949 1437 2023 describendo
1468 1945 1540 2041 (¹)
1595 1949 1817 2022 situm
1872 1956 1945 2022 et
1994 1948 2523 2022 distinctionem
2562 1948 2892 2021 omnium
2945 1969 3198 2042 poena-

855 2088 1024 2140 rum
1078 2067 1609 2161 poenitentium.
1664 2068 1869 2142 Unde
1924 2074 2005 2140 ut
2054 2068 2301 2142 videas
2363 2069 2559 2141 clare
2627 2068 2822 2161 quod
2857 2060 2928 2159 (²)
2984 2076 3199 2162 poeta

853 2186 1180 2278 loquitur
1249 2186 1626 2260 moraliter
1695 2186 1766 2258 in
1835 2186 2317 2281 descriptione
2376 2188 2593 2259 buius
2654 2188 2813 2280 loci,
2888 2190 3056 2262 volo
3128 2195 3199 2262 te

853 2306 1042 2379 scire
1092 2305 1336 2398 aliqua
1387 2304 1581 2379 circa
1631 2306 2145 2400 purgatorium
2194 2306 2596 2379 essentiale.
2631 2306 2720 2378 Et
2753 2306 2990 2400 primo
3031 2307 3196 2399 qui-

853 2425 1022 2500 dem
1076 2433 1270 2520 nota,
1324 2425 1522 2518 quod
1557 2426 1759 2500 locus
1806 2426 2234 2521 purgatorii,
2271 2426 2675 2499 secundum
2719 2446 3192 2500 communem

854 2546 1268 2641 opinionem
1305 2547 1844 2641 theologorum,
1889 2545 2152 2619 dicitur
2187 2566 2348 2619 esse
2380 2545 2521 2617 sub
2557 2551 2779 2638 terra,
2822 2546 2993 2638 quia
3032 2545 3191 2621 talis

853 2664 1057 2739 locus
1106 2665 1266 2739 vilis
1329 2665 1850 2758 correspondet
1913 2664 2164 2737 vilitati
2221 2664 2556 2738 foeditatis
2618 2664 3014 2758 culpabiliS,
3066 2664 3194 2758 qui

850 2787 1054 2860 locus
1121 2786 1444 2861 creditur
1510 2807 1672 2860 esse
1733 2808 1902 2880 pars
1961 2786 2222 2859 inferni
2285 2807 2330 2859 a
2394 2784 2829 2879 quibusdam
2892 2793 3195 2881 propter

849 2906 1163 2980 verbum
1206 2906 1537 3001 Gregorii
1576 2913 1842 3000 quarto
1893 2905 2383 3001 dialogorum,
2429 2905 2551 2977 ubi
2584 2904 2778 2996 dicit,
2819 2905 3020 2997 quod
3056 2906 3195 2979 sub

828 3026 1107 3099 eodem
1170 3025 1339 3121 igne
1397 3026 1674 3099 electus
1736 3032 2124 3120 purgatur,
2197 3031 2270 3097 et
2335 3025 2728 3098 damnatus
2791 3033 3190 3099 crematur.

850 3144 1052 3218 Unde
1104 3146 1256 3217 sola
1306 3165 1520 3238 poena
1573 3145 1757 3241 ignis
1808 3151 1919 3218 est
1988 3144 2060 3216 in
2123 3143 2572 3239 purgatorio.
2638 3144 2880 3217 Potest
2941 3152 3190 3219 tamen

847 3283 943 3336 ex
990 3263 1232 3337 divina
1282 3263 1814 3358 dispensatione
1864 3263 2032 3336 alibi
2096 3265 2339 3337 anima
2402 3264 2726 3358 purgari,
2786 3263 2974 3337 sicut
3024 3263 3194 3337 dicit

848 3383 1113 3457 ibidem
1165 3383 1565 3478 Gregorius
1615 3384 1709 3457 de
1758 3383 2006 3457 anima
2060 3383 2373 3457 Pascasii
2434 3384 2558 3477 qui
2592 3374 2664 3474 (³)
2736 3385 3193 3480 purgabatur

848 3502 922 3575 in
972 3501 1227 3598 glacie,
1292 3501 1487 3596 quod
1556 3504 1751 3576 Deus
1817 3503 2148 3576 concedit
2211 3504 2326 3576 vel
2389 3509 2685 3597 propter
2748 3504 3187 3577 velociorem

842 3621 1377 3716 liberationem,
1429 3629 1514 3696 ut
1561 3623 1784 3718 possit
1833 3623 1992 3696 aliis
2041 3644 2252 3696 suam
2307 3622 2775 3719 indigentiam
2830 3624 3188 3716 revelare,

846 3742 1036 3817 sicut
1082 3742 1317 3837 patuit
1366 3742 1438 3815 in
1491 3743 1823 3816 Pascasio
1876 3741 2242 3836 praedicto,
2305 3743 2421 3815 vel
2485 3741 2575 3815 ad
2635 3743 3189 3816 instructionem

847 3869 1198 3956 nostram,
1243 3869 1324 3934 ut
1358 3883 1574 3956 poena
1610 3862 1906 3937 evidens
1947 3882 2080 3935 nos
2126 3868 2423 3954 terreat,
2464 3863 2651 3937 sicut
2695 3863 2788 3936 de
2828 3862 3193 3957 aliquibus

842 3982 1088 4057 audivi
1140 4004 1186 4056 a
1237 3982 1672 4076 viventibuS,
1725 3982 1842 4056 vel
1893 3987 2192 4076 propter
2243 3981 2829 4076 impetrationem
2880 3982 3189 4055 alicuius

845 4101 1077 4175 sancti
1126 4102 1288 4194 viri,
1339 4101 1529 4175 sicut
1577 4108 1874 4175 sanctus
1909 4101 2265 4174 Patricius
2316 4100 2735 4195 impetravit
2775 4100 2970 4193 quod
3023 4100 3190 4193 qui-

840 4218 1010 4294 dam
1083 4227 1531 4315 purgaretur
1597 4220 1670 4293 in
1740 4220 2060 4313 quodam
2117 4221 2277 4294 loco
2328 4220 2836 4313 subterraneo,
2889 4241 2981 4294 ex
3035 4242 3184 4314 quo

841 4346 1091 4434 postea
1141 4340 1470 4414 fabulose
1528 4346 1776 4413 ortum
1842 4346 1952 4413 est
2012 4339 2107 4411 ibi
2162 4359 2322 4413 esse
2383 4341 2940 4436 purgatorium3
2993 4341 3187 4417 sicut

966 4594 1021 4654 (¹)
1053 4591 1104 4641 S.
1138 4592 1425 4642 scribendo.
1675 4590 1730 4654 (²)
1764 4592 1813 4642 S.
1846 4593 1985 4655 quod
2019 4593 2103 4642 hic
2136 4598 2303 4656 poeta.
2555 4591 2608 4656 (²)
2641 4593 2703 4643 E.
2737 4607 2870 4656 quae.
