3704 5559
1148 510 1424 565 CANTUS
1475 510 1787 566 nEcmth
1835 513 2188 577 QUARTUS.
2687 505 2827 571 385

481 661 628 749 qia,
662 656 847 731 idest
886 656 1079 729 bona
1130 654 1346 749 fama,
1383 675 1552 749 quae
1603 662 1713 728 est
1765 675 1884 730 res
1919 656 2253 749 pretiosa.
2293 657 2380 729 Et
2419 660 2825 733 concludit:

483 779 941 869 sanquinem,
992 774 1287 867 scilicet,
1338 795 1383 847 a
1436 774 1635 847 caede
1688 775 2123 869 multorum,
2173 798 2321 848 esce
2381 779 2564 850 della
2627 782 2831 852 ἰνίεια

483 901 702 988 selva,
756 895 940 970 idest
989 895 1082 967 de
1130 893 1522 986 Florentia,
1558 913 1727 987 quae
1780 899 1889 967 est
1940 895 2141 988 sylva
2196 896 2565 991 luporum,
2602 920 2831 993 quam

484 1015 777 1090 dimittit
827 1014 1149 1105 tristem3
1203 996 1401 1086 unde
1464 1011 1670 1085 dicit:
1722 1015 2017 1085 lasciala
2068 1016 2194 1104 tal,
2246 1034 2340 1088 ex
2391 1015 2836 1093 desolatione

488 1133 841 1208 nobilium
894 1140 966 1207 et
1016 1130 1375 1206 discordia
1425 1130 1724 1225 civium,
1760 1132 1881 1203 che
1922 1134 1996 1204 di
2045 1135 2164 1222 qui
2211 1154 2259 1204 a
2309 1136 2473 1206 mill’
2501 1140 2699 1228 anni,
2736 1136 2832 1210 ita

490 1258 778 1347 poterat
828 1250 1096 1345 dicere,
1151 1271 1589 1344 numquam,
1641 1271 1786 1322 non
1835 1254 1901 1323 si
1946 1254 2280 1343 n'nselva,
2334 1253 2427 1327 de
2476 1255 2835 1348 praedictis

490 1373 700 1466 lupis,
753 1372 928 1466 quia
980 1371 1191 1444 multi
1245 1371 1527 1465 expulsi
1564 1391 1976 1464 numquam
2014 1371 2413 1467 redierunt,
2450 1381 2524 1448 et
2560 1377 2832 1449 mortui

492 1494 727 1567 multo
780 1493 1042 1565 minus,
1095 1491 1198 1564 lta
1253 1491 1557 1564 Carolus
1607 1491 1762 1564 sine
1813 1496 2013 1565 terra
2062 1493 2282 1585 paulo
2341 1501 2514 1568 ante
2574 1472 2850 1569 banniss

492 1620 703 1690 verat
753 1614 991 1687 solum
1021 1606 1093 1705 (¹)
1148 1611 1432 1705 aliquos
1482 1612 1573 1684 de
1632 1616 1840 1705 parte
1901 1610 2107 1703 Alba,
2160 1612 2288 1686 sed
2352 1634 2498 1688 non
2560 1615 2835 1689 fecerat

492 1736 966 1831 sanguinem3
1020 1734 1154 1807 iste
1203 1752 1385 1807 vero
1437 1732 1753 1804 multum
1804 1731 2013 1804 auxit
2064 1734 2368 1826 malum,
2414 1734 2578 1808 ideo
2631 1735 2834 1809 dicit:

493 1858 673 1928 nello
706 1861 884 1927 stato
912 1855 1248 1945 primate,
1286 1852 1468 1925 idest
1501 1851 1740 1945 primo
1776 1851 2052 1925 florido.
2075 1893 2173 1905 —
2198 1858 2420 1926 Come.
2459 1855 2587 1930 Hic
2622 1867 2839 1951 poeta

492 1974 693 2069 ponit
727 1972 1070 2047 effectum
1107 1972 1329 2044 huius
1372 1970 1730 2045 sermonis
1764 1969 2010 2044 dicens
2046 1992 2179 2066 per
2212 1975 2837 2067 comparationem

492 2094 584 2167 de
635 2113 715 2167 se
764 2092 1135 2187 propriam
1172 2096 1246 2165 et
1283 2090 1775 2164 manifestam:
1821 2094 2026 2164 Come
2060 2095 2178 2165 all’
2205 2097 2563 2166 annunzio
2604 2097 2678 2167 di
2711 2098 2843 2167 do-

493 2214 701 2304 yliosi
748 2214 971 2285 dauni
998 2214 1062 2282 si
1085 2211 1290 2283 turba
1321 2213 1377 2283 il
1406 2213 1615 2300 collo,
1643 2230 1736 2284 ex
1762 2209 2080 2304 tristitia,
2116 2213 2192 2283 di
2224 2214 2405 2284 colui
2451 2215 2553 2285 clt'
2573 2217 2839 2288 ascolta

496 2335 572 2405 di
620 2333 901 2423 qualche
943 2336 1151 2420 parte
1197 2332 1253 2403 il
1293 2332 1592 2421 pmqlio
1641 2331 1685 2400 l'
1711 2332 2029 2420 assanni,
2065 2329 2248 2403 idest
2279 2351 2324 2403 a
2359 2352 2837 2426 quacumque

494 2457 703 2546 parte
752 2450 1164 2545 periculum
1219 2449 1554 2523 mordeat
1602 2468 1802 2542 eum,
1859 2451 1975 2522 vel
2034 2454 2327 2541 affanm'.
2381 2451 2470 2525 Et
2528 2452 2838 2547 applicat

495 2570 1117 2666 comparationem
1156 2568 1248 2642 ad
1280 2567 1753 2663 propositum,
1797 2567 2080 2642 dicens:
2123 2563 2263 2641 cosi
2308 2573 2533 2644 vid’io
2585 2574 2841 2645 l’altra

496 2694 764 2782 anima,
832 2689 1122 2784 scilicet,
1191 2688 1664 2785 Raynerium,
1733 2689 1855 2760 che
1937 2692 2124 2762 volta
2186 2697 2389 2763 stava
2448 2694 2548 2763 ad
2610 2694 2839 2784 adire,

496 2813 679 2888 idest
730 2831 897 2905 quae
946 2816 1225 2884 attente
1274 2809 1757 2903 auscultabat,
1803 2810 2138 2901 turbarsi,
2191 2811 2264 2883 in
2315 2810 2520 2904 facie,
2573 2834 2611 2883 e
2653 2816 2844 2906 sarsi

497 2935 699 3005 trista
740 2934 867 3023 poi
912 2933 1013 3002 ch'
1040 2930 1199 3002 ebbe
1246 2932 1319 3002 la
1359 2933 1624 3021 parola
1688 2950 1737 3000 a
1798 2951 1873 3000 se
1939 2932 2276 3020 raccolta,
2336 2929 2508 3022 quia
2563 2929 2843 3005 notavit

498 3050 696 3145 quod
746 3049 1059 3123 verbum
1126 3048 1469 3145 tangebat
1534 3048 1909 3121 infamiam
1975 3049 2253 3143 nepotis
2316 3048 2450 3122 sui.
2517 3050 2604 3123 Et
2668 3055 2843 3123 nota

496 3170 693 3265 quod
743 3170 935 3243 istud
985 3169 1259 3243 factum
1312 3174 1473 3242 erat
1507 3169 1966 3263 praeteritum
2003 3169 2296 3263 quando
2339 3176 2554 3264 poeta
2595 3176 2844 3245 noster

495 3289 817 3384 scripsit3
870 3289 996 3363 sed
1049 3288 1249 3383 ponit
1299 3287 1538 3382 ipsum
1592 3295 1975 3382 tamquam
2015 3288 2374 3382 futurum,
2413 3288 2586 3382 quia
2624 3290 2845 3364 habet

502 3415 912 3503 respectum
965 3408 1057 3482 ad
1109 3415 1399 3502 tempus
1450 3407 1742 3481 visionis
1791 3427 1968 3502 suae,
2007 3430 2157 3501 quo
2204 3407 2408 3504 fingit
2442 3407 2663 3482 istum
2701 3410 2848 3504 spi-

500 3528 723 3602 ritum
779 3527 1306 3623 praenuntiasse
1358 3527 1490 3600 sibi
1542 3518 1808 3618 hoc(².)

647 3655 747 3721 Lo
796 3652 912 3721 dir
962 3649 1118 3720 dell’
1142 3668 1306 3720 una.
1362 3648 1503 3719 Ista
1553 3653 1664 3719 est
1703 3647 1914 3720 tertia
1949 3667 2118 3741 pars
2154 3647 2373 3719 huius
2408 3648 2788 3742 capituli,
2770 3672 2841 3721 1n

503 3788 651 3861 qua
701 3772 917 3860 poeta
964 3765 1305 3840 describit
1353 3764 1745 3860 praedietos
1785 3764 1971 3837 duos
2023 3764 2338 3858 spirituS,
2392 3771 2466 3837 et
2516 3764 2846 3859 deplorat

503 3885 985 3982 mutationem
1037 3884 1430 3981 provinciae
1495 3905 1785 3976 eorum,
1838 3882 2129 3976 scilicet,
2182 3883 2700 3957 Romandiolae.
2756 3886 2845 3958 Et

504 4006 745 4101 primo
794 4004 1126 4098 ostendit,
1181 4024 1414 4097 quare
1465 4004 1697 4078 sactus
1747 4002 2006 4076 avidus
2056 4002 2393 4096 petiverit
2424 3993 2500 4093 (³)
2567 4003 2658 4078 de
2718 4004 2846 4098 eis„

506 4125 788 4199 dicens:
843 4127 912 4197 lo
979 4126 1095 4197 dir
1154 4125 1310 4196 dell'
1335 4144 1507 4214 una,
1567 4121 1863 4212 scilicet,
1924 4121 2188 4194 animae
2253 4121 2623 4216 GuidoniS,
2685 4146 2723 4196 e
2774 4127 2849 4197 la

508 4250 687 4320 vista
754 4248 908 4319 dell'
934 4248 1151 4336 altra,
1220 4242 1488 4318 scilicet
1555 4241 1923 4338 Raynerii,
1977 4245 2074 4313 mi
2129 4246 2200 4335 se
2263 4245 2601 4335 coquos-0,
2666 4243 2848 4318 idest

506 4367 1017 4460 affectuosum,
1052 4368 1128 4439 di
1163 4385 1377 4456 saper
1428 4365 1541 4435 lor
1590 4365 1808 4453 nomi,
1850 4361 2014 4435 ideo
2049 4361 2241 4455 dicit,
2288 4383 2326 4432 e
2375 4364 2717 4436 «limanda
2766 4387 2850 4438 ne

627 4621 683 4685 (¹)
715 4622 775 4672 E.
811 4623 969 4673 solus.
1348 4620 1405 4685 (’)
1439 4623 1499 4672 E.
1533 4624 1625 4673 sibi
1659 4624 1788 4674 haec.
2167 4622 2224 4686 (⁰)
2255 4623 2316 4672 E.
2350 4623 2547 4686 petivit.

769 4730 854 4773 111.
2527 4729 2581 4772 25
