3704 5559
881 436 1022 501 462
1603 444 2011 500 COMENTUM
2064 445 2501 500 runc-nonu

877 594 972 667 ita
1025 593 1319 686 loquela
1369 590 1533 665 eius
1584 597 2001 665 excesserat
2051 610 2277 664 omne
2338 591 2750 662 humanum
2781 574 3220 684 'eloquium3

873 713 1038 786 ideo
1090 713 1419 807 putabat,
1473 710 1671 805 quod
1724 711 2035 804 loquens
2089 731 2236 784 non
2290 716 2480 784 esset
2543 709 2838 803 spiritus
2890 709 3221 803 hominiS,

874 833 1001 908 sed
1052 832 1380 929 angelus3
1435 831 1599 906 ideo
1651 831 1840 905 bene
1892 830 2104 905 dicit:
2159 833 2277 903 che
2326 833 2471 904 mai
2514 851 2659 904 non
2698 852 2913 923 posa,
2963 853 3037 903 se
3085 853 3220 904 non

874 956 939 1026 si
985 958 1373 1046 raffronla,
1410 951 1614 1045 idest,
1662 950 1797 1023 nisi
1849 958 2270 1026 revertatur
2312 950 2406 1024 ad
2460 951 2757 1043 coelum,
2798 950 2994 1024 unde
3033 950 3221 1025 venit

877 1073 970 1147 ad
1021 1073 1419 1147 videndum
1473 1078 1816 1145 naturam
1871 1071 2278 1168 angelicam
2314 1071 2407 1145 de
2446 1071 2687 1144 fronte
2729 1070 2821 1144 ad
2875 1070 3217 1144 frontem:

880 1200 954 1266 et
1007 1214 1272 1266 verum
1325 1191 1517 1285 dicit,
1574 1191 1748 1285 quia
1784 1192 2031 1265 omnia
2068 1191 2502 1265 naturaliter
2534 1183 2606 1282 (⁴)
2649 1196 2992 1286 repetunt
3029 1192 3221 1286 prin-

879 1312 1151 1407 cipium
1180 1333 1426 1405 suum,
1450 1311 1636 1384 sicut
1663 1310 1997 1385 videmus
2024 1312 2221 1406 quod
2255 1331 2522 1405 corpus
2558 1312 2969 1384 humanum
3011 1332 3221 1384 num-

878 1452 1106 1526 quam
1180 1429 1487 1524 quiescit
1547 1430 1779 1504 donec
1849 1437 2274 1505 revertatur
2335 1430 2430 1503 ad
2498 1437 2801 1523 terram,
2853 1437 2926 1504 et
2982 1430 3221 1503 anima

881 1550 1250 1626 rationalis
1288 1570 1698 1642 numquam
1737 1549 2045 1643 quiescit
2072 1550 2306 1625 donec
2343 1556 2762 1625 revertatur
2795 1550 2888 1623 ad
2925 1551 3218 1623 coelum.

879 1671 1073 1768 Ergo
1136 1671 1325 1744 bene
1385 1670 1723 1743 voluntas
1786 1668 2127 1764 hominis,
2183 1690 2352 1763 quae
2405 1670 2640 1744 fertur
2708 1670 2781 1743 in
2845 1691 3219 1743 summum

876 1791 1182 1885 bonum,
1219 1811 1635 1884 numquam
1681 1789 2057 1883 quietatur
2110 1790 2245 1864 nisi
2289 1791 2591 1865 demum
2628 1791 2749 1865 illo
2785 1791 3103 1865 invento.
3139 1793 3227 1864 Et

882 1910 1126 1983 subdit
1187 1910 1382 2004 quod
1444 1909 1717 1982 frustra
1790 1910 2116 1984 tentabat
2175 1930 2623 2007 cognoscere
2683 1912 3029 2006 angelum
3092 1931 3222 2006 per

883 2030 1505 2123 comparationem
1563 2028 1893 2103 eiusdem
1944 2030 2136 2124 solis,
2186 2030 2358 2123 quia
2410 2030 2598 2104 sicut
2648 2031 2909 2104 oculus
2959 2032 3222 2105 huma-

881 2169 1020 2221 nus
1075 2170 1220 2221 non
1271 2154 1507 2243 potest
1559 2149 1927 2242 respicere
1978 2150 2230 2223 lumen
2283 2150 2441 2225 eius
2493 2159 2790 2244 propter
2843 2151 3225 2224 infirmita-

881 2275 1031 2343 tem
1087 2288 1298 2342 suam
1354 2275 1427 2341 et
1484 2269 1993 2355 excellentiam
2029 2271 2325 2345 luminis
2368 2271 2576 2365 illius,
2620 2272 2718 2345 ita
2762 2292 2957 2345 nunc
2992 2271 3225 2345 multo

883 2388 1128 2462 minus
1180 2388 1439 2462 oculus
1491 2388 1649 2462 eius
1683 2396 1972 2483 poterat
2004 2392 2353 2487 angelum
2391 2391 2680 2467 intueri.
2723 2392 2928 2467 Unde
2970 2392 3221 2467 ordina

878 2508 980 2583 sic
1030 2509 1356 2583 literam:
1413 2513 1639 2583 mala
1684 2513 1828 2582 mia
1874 2506 2082 2602 virtic,
2136 2511 2427 2606 scilicet,
2483 2512 2732 2606 visiva,
2787 2516 2976 2605 quivi
3024 2534 3227 2585 man-

878 2649 1083 2724 cava,
1136 2630 1429 2723 scilicet,
1484 2630 1557 2703 in
1609 2629 2059 2725 respiciendo
2110 2632 2457 2727 angelum
2513 2631 2638 2725 qui
2677 2632 2962 2706 celabat
2995 2654 3074 2706 se
3114 2633 3225 2706 ni-

885 2749 1033 2824 mio
1084 2749 1363 2826 lumine
1414 2770 1572 2846 suo,
1609 2743 1750 2825 cosi
1783 2772 1976 2825 come
2025 2754 2105 2825 al
2146 2753 2277 2843 sol,
2330 2751 2609 2847 supple,
2654 2751 3058 2848 deficiebat,
3107 2756 3225 2828 che

875 2877 1127 2944 nostra
1177 2876 1355 2945 vista
1406 2893 1667 2963 prava,
1718 2872 1926 2967 idest,
1963 2871 2315 2946 visionem
2369 2872 2680 2945 hominis
2732 2881 3030 2968 propter
3082 2875 3222 2949 dis-

877 2991 1424 3086 proportionem
1466 2992 1755 3066 virtutis
1800 2991 1894 3066 ad
1928 2991 2323 3085 obiectum,
2361 3014 2398 3065 e
2427 3014 2564 3084 per
2594 2995 2975 3085 soverclziO,
3020 2994 3222 3088 idest,

876 3117 1172 3206 propter
1224 3112 1732 3186 excellentiam
1782 3111 2104 3204 luminis,
2147 3133 2280 3186 sua
2324 3115 2565 3204 fiyura
2615 3116 2793 3204 vela,
2854 3106 3215 3205 scilicet(²)

878 3230 1106 3303 nobis.
1136 3271 1234 3283 —
1270 3234 1516 3318 Questi.
1569 3231 1700 3304 Hic
1751 3238 1968 3324 poeta
2020 3231 2331 3306 ostendit
2371 3233 2687 3326 qualiter
2722 3232 3056 3329 Virgilius
3108 3232 3221 3305 vi-

876 3349 1055 3422 dens
1106 3348 1303 3442 quod
1356 3349 1509 3443 ipse
1558 3350 1633 3422 in
1670 3370 1946 3423 vanum
1983 3351 2390 3424 conabatur
2432 3372 2880 3448 cognoscere
2913 3353 3223 3446 loquen-

877 3475 1027 3543 tem
1081 3467 1567 3542 manifestavit
1618 3468 1856 3564 ipsum
1913 3469 2067 3564 sibi,
2122 3491 2294 3544 nam
2347 3469 2690 3567 Virgilius
2739 3492 2881 3545 non
2935 3472 3226 3546 videbat

880 3590 1098 3664 oculo
1149 3588 1534 3683 corporali,
1599 3588 1761 3664 ideo
1831 3589 2119 3664 acutius
2184 3596 2258 3665 et
2318 3591 2729 3686 perfectius,
2797 3591 2980 3665 Dicit
3048 3612 3227 3687 ergo

877 3709 1257 3807 Virgilius:
1321 3714 1551 3799 Questi
1598 3707 1640 3784 e*
1684 3713 1924 3784 divino
1970 3713 2243 3804 spirim,
2296 3711 2591 3806 scilicet,
2645 3712 3040 3809 angelicuS,
3093 3714 3223 3788 be-

882 3832 1281 3906 nefactivus
1310 3821 1413 3926 (³),
1464 3833 1585 3904 che
1617 3853 1703 3906 ne
1737 3834 1999 3905 ἁνίκα
2038 3852 2126 3905 ne
2158 3836 2232 3904 la
2268 3835 2384 3904 via
2418 3836 2487 3906 ἄ
2515 3837 2755 3906 andar
2801 3855 2911 3924 su,
2963 3833 3057 3907 ad
3110 3834 3220 3907 al-

878 3952 1141 4027 tiorem
1194 3952 1534 4047 gradum,
1589 3958 1671 4025 ut
1722 3951 1826 4026 sic
1880 3952 2172 4027 tandem
2220 3953 2605 4047 pervenias
2661 3954 2734 4026 in
2785 3954 3095 4048 patriam
3150 3961 3228 4028 et

874 4073 1252 4169 regionem
1317 4073 1781 4169 angelorum,
1837 4092 2057 4145 senza
2107 4094 2366 4166 prmo,
2443 4073 2614 4166 quia
2677 4095 2823 4148 non
2887 4081 3226 4178 expectat

874 4191 1144 4287 rogari,
1197 4212 1235 4263 e
1282 4194 1395 4264 col
1438 4212 1567 4264 suo
1617 4195 1796 4266 lume
1843 4213 1919 4265 se
1968 4195 2316 4266 medesmo
2365 4196 2541 4285 cela,
2576 4198 2650 4267 et
2691 4195 2848 4268 haec
2883 4200 2995 4268 est
3037 4194 3226 4268 ratio

873 4330 1108 4403 quare
1161 4330 1305 4384 non
1357 4317 1565 4406 potes
1615 4312 1870 4387 videre
1921 4333 2119 4387 eum.
2158 4314 2244 4386 Et
2286 4313 2599 4388 ostendit
2651 4334 2906 4389 veram
2960 4314 3227 4388 carita-

1000 4496 1055 4558 (¹)
1090 4500 1197 4557 ¹¹⁷»
1231 4498 1501 4548 nlluralia·
2004 4498 2061 4563 (⁸)
2095 4501 2155 4553 E.
2192 4503 2339 4563 idest,
2374 4502 2509 4553 celat
2541 4503 2704 4554 nobis.

997 4573 1050 4635 (³)
1085 4574 1145 4624 E.
1177 4587 1206 4623 e
1245 4578 1350 4635 11⁷,
1384 4575 1751 4639 benefactivus,
1786 4577 2099 4631 car-itmvus.
