3704 5559
896 503 987 567 20
1615 512 2024 567 coMENTUM
2077 513 2515 567 PURGAToRu

885 664 1125 732 totum
1175 656 1631 731 contrarium
1668 663 1849 752 erat,
1889 657 2061 752 quia
2096 658 2249 732 dies
2300 657 2520 732 fiebat
2568 658 2641 730 in
2693 658 2814 732 illo
2869 659 3236 754 hemispe-

886 778 996 851 rio
1065 776 1422 869 inferiori,
1486 777 1561 849 in
1630 787 1882 853 nostro
1953 798 2132 850 vero
2203 776 2423 851 fiebat
2490 797 2660 870 nox,
2725 783 2799 852 et
2850 778 3235 873 incipiebat

884 898 1299 994 plaustrum
1351 896 1582 971 videri
1632 918 1676 971 a
1730 898 1958 971 nobis.
1987 938 2086 950 -
2111 903 2358 989 Lunqa
2410 902 2481 972 la
2541 900 2786 971 barba.
2843 899 2971 973 Hic
3020 906 3235 993 poeta

887 1018 1228 1094 describit
1277 1017 1494 1090 istum
1565 1019 2064 1092 venerabilem
2117 1039 2370 1093 senem
2429 1020 2524 1093 ab
2588 1020 2841 1093 habitu
2908 1019 3235 1114 corporis

890 1146 965 1215 et
1014 1138 1260 1230 animi,
1314 1138 1586 1212 scilicet
1634 1158 1678 1211 a
1734 1137 2145 1212 virtutibus.
2191 1138 2332 1213 Sed
2373 1146 2771 1233 antequam
2817 1140 3104 1213 veniam
3144 1138 3236 1212 ad

891 1259 1419 1355 expositionem
1471 1258 1722 1352 literae,
1775 1258 2014 1353 primo
2080 1264 2188 1331 est
2251 1260 2542 1334 curiose
2606 1258 3083 1333 insistendum
3143 1258 3236 1333 ad

893 1380 1292 1454 tollendum
1350 1399 1576 1452 unam
1628 1378 2182 1471 dubitationem,
2226 1399 2394 1472 quae
2445 1399 2703 1453 omnes
2753 1378 3234 1474 intelligentes

890 1499 1185 1574 adducit
1234 1498 1308 1572 in
1361 1519 1707 1593 magnam
1772 1498 2359 1592 admirationem,
2413 1498 2684 1572 scilicet
2736 1520 2970 1592 quare
3023 1503 3233 1592 poeta

888 1625 1138 1694 noster
1190 1638 1335 1692 non
1387 1618 1627 1713 potius
1678 1617 1952 1691 inducit
2002 1617 2118 1691 hic
2169 1616 2516 1691 Catonem
2572 1618 3055 1713 superiorem,
3109 1617 3235 1710 qui

890 1741 1026 1814 fuit
1075 1740 1396 1834 optimus
1449 1758 1742 1811 morum
1811 1759 2095 1832 censor,
2150 1743 2225 1811 et
2275 1738 2593 1812 correxit
2647 1738 2718 1810 in
2773 1739 2959 1812 urbe
3011 1738 3236 1811 mira-

890 1861 1130 1934 biliter
1183 1859 1413 1934 malos
1468 1878 1735 1952 moreS,
1789 1867 1865 1933 et
1915 1858 2168 1931 habuit
2220 1857 2596 1953 ingenium
2658 1858 3011 1949 divinum,
3063 1878 3235 1931 ver-

890 1981 1097 2055 satile
1146 1979 1237 2052 ad
1286 1978 1585 2052 omnia?
1636 1983 1711 2051 et
1763 1984 1846 2050 ut
1898 1977 2142 2051 videas
2193 1978 2391 2052 clare
2425 1979 2623 2071 quod
2676 1999 2821 2052 non
2866 1976 3234 2050 immerito

893 2101 1260 2173 mirantur
1311 2098 1403 2172 de
1455 2099 1616 2191 hoc,
1670 2101 1778 2169 est
1838 2097 2418 2173 consideratione
2476 2100 2983 2194 dignissimum
3038 2095 3234 2191 quod

890 2218 1103 2293 multi
1157 2216 1455 2290 fuerunt
1505 2217 1838 2307 CatoneS‚
1884 2222 2062 2309 puta
2113 2222 2393 2311 septem
2429 2216 2521 2289 de
2555 2218 2814 2291 eodem
2856 2216 3235 2311 sanguine,

894 2339 1083 2412 sicut
1133 2341 1332 2431 patet
1381 2355 1514 2430 per
1555 2334 1634 2406 A.
1671 2334 1982 2408 Gellium
2040 2334 2224 2407 libro
2265 2334 2604 2407 Noctium
2640 2334 3070 2425 Atticarum,
3110 2333 3234 2405 ubi

896 2463 1161 2532 tractat
1211 2456 1302 2529 de
1352 2456 1783 2552 genealogia
1834 2455 2220 2547 Catonum,
2259 2474 2580 2547 quorum
2619 2454 2901 2550 primus
2942 2462 3017 2528 et
3063 2454 3236 2527 ulti-

891 2600 1062 2652 mus
1118 2577 1417 2651 fuerunt
1466 2576 1601 2650 viri
1653 2574 2246 2671 praestantissimi,
2300 2575 2567 2649 scilicet
2619 2576 2796 2649 Cato
2848 2576 3238 2649 Censorius

826 2722 831 2727 ·
893 2705 968 2773 et
1032 2698 1398 2773 Uticensis,
1472 2698 1650 2771 Cato
1717 2696 1917 2791 prior
1967 2695 2323 2769 oriundus
2390 2694 2482 2768 de
2540 2695 2854 2769 Tusculo
2923 2696 3234 2788 civitate,

893 2839 1215 2915 proavus
1265 2819 1469 2892 istius
1530 2818 1819 2892 Catonis
1879 2815 2250 2908 UticensiS,
2303 2813 2587 2910 primus
2650 2817 2849 2889 venit
2900 2818 3232 2891 Romam.

893 2941 1088 3036 Ergo
1122 2941 1210 3012 M.
1248 2939 1548 3012 Porcius
1600 2938 1801 3029 Cat0,
1838 2958 1883 3010 a
1926 2957 2075 3030 quo
2114 2935 2359 3009 Portia
2397 2935 2669 3009 familia
2704 2936 3063 3032 originem
3106 2938 3238 3010 ha-

891 3060 1075 3152 buit,
1113 3059 1403 3133 videtur
1438 3057 1774 3152 superior
1799 3056 2074 3130 Catone
2107 3055 2513 3151 posteriore
2541 3075 2685 3129 non
2732 3056 2969 3129 solum
2998 3062 3234 3147 aetate,

894 3178 1021 3254 sed
1073 3178 1344 3252 virtute
1394 3183 1469 3250 et
1517 3176 1878 3269 probitate
1930 3174 2328 3268 multiplici.
2394 3175 2579 3248 Nam
2638 3175 2876 3269 primo
2937 3174 3233 3266 quidem

894 3297 1306 3394 promeruit
1368 3314 1777 3390 cognomen
1849 3295 2219 3390 singulare
2288 3293 2678 3387 sapientiae,
2741 3293 2814 3366 in
2882 3314 3028 3387 qua
3088 3313 3234 3367 non

894 3418 1185 3493 videtur
1237 3416 1513 3489 habere
1578 3434 1858 3509 parem,
1921 3413 2011 3487 de
2081 3412 2395 3486 naturali
2461 3412 2811 3507 sapientia
2865 3413 3230 3508 intellige3

898 3546 972 3613 et
1023 3557 1170 3611 non
1221 3537 1456 3610 solum
1514 3555 1861 3631 magnam
1915 3533 2364 3627 sapientiam,
2418 3532 2544 3606 sed
2608 3513 2829 3607 etiam
2884 3553 3230 3628 magnam

900 3658 1274 3733 scientiam
1329 3656 1752 3746 literarum3
1806 3674 1943 3727 nec
1994 3653 2230 3726 solum
2268 3651 2493 3725 literis
2546 3652 2803 3746 latiniS,
2842 3653 2967 3725 sed
3013 3652 3231 3726 etiam

896 3778 1157 3877 graecis
1206 3796 1510 3872 operam
1564 3773 1778 3866 dedit,
1832 3793 2003 3846 cum
2059 3779 2306 3845 tamen
2349 3771 2606 3845 latinas
2637 3773 2796 3866 jam
2834 3772 3077 3846 senior
3127 3770 3236 3843 di-

895 3901 1202 3975 dicisset.
1249 3896 1544 3991 Scripsit
1593 3895 1863 3967 librum
1915 3896 2000 3964 de
2050 3894 2460 3983 originibus,
2510 3912 2696 3986 opus
2735 3893 3124 3985 famosum,
3162 3903 3237 3967 et

897 4024 1168 4098 librum
1218 4023 1305 4093 de
1353 4019 1789 4109 amicultura
1814 4042 1845 4108 ,·
1909 4013 2042 4086 fuit
2102 4013 2296 4086 enim
2363 4012 2683 4106 optimus
2746 4012 3067 4107 agricola
3121 4011 3235 4083 sui

896 4141 1265 4236 temporis.
1320 4139 1520 4212 Ultra
1574 4135 1948 4211 scientiam
2004 4152 2350 4228 magnam
2397 4131 2650 4204 habuit
2686 4130 3044 4205 maiorem
3081 4133 3238 4205 elo-

896 4261 1267 4357 quentiam
1336 4279 1561 4351 quam
1631 4255 1892 4349 aliquis
1934 4249 2009 4346 (¹)
2073 4273 2254 4325 suus
2315 4256 2999 4345 contemporaneuS,
3064 4252 3234 4344 quia

898 4383 1118 4456 latina
1171 4376 1585 4472 eloquentia
1638 4375 1962 4448 nondum
2008 4377 2448 4468 pervenerat
2498 4369 2592 4444 ad
2644 4391 3020 4444 summum
3075 4369 3236 4443 cul-

1026 4641 1081 4703 (¹)
1116 4645 1223 4698 117,
1257 4639 1443 4702 aliquis
1474 4638 1615 4688 solus
1644 4651 1768 4688 suus
1801 4642 2182 4700 temporaneus.
