3704 5559
883 511 1025 576 512
1597 519 2009 574 coMEN'rUM
2057 520 2494 574 benenom!

878 664 1302 760 recognovit
1323 656 1396 756 (¹)
1437 684 1771 739 errorem
1816 686 2064 758 suum,
2101 664 2386 738 dicens:
2433 668 2536 735 La
2586 668 2730 737 mia
2778 669 3216 756 conversion,

877 785 1169 878 scilicet,
1202 783 1295 857 ad
1330 784 1591 877 Deum,
1627 778 1828 878 οἰῄιέ,
1879 785 2029 858 heu
2072 784 2281 856 mihi!
2330 783 2601 858 damno
2638 806 2828 878 me0,
2858 790 2940 878 su
2974 789 3216 878 tarda,

875 905 1047 1000 quia
1099 905 1338 978 solum
1390 904 1583 979 circa
1634 904 1898 996 finem3
1953 903 2149 977 uude
2198 903 2405 976 dicit:
2458 924 2604 993 ma,
2656 926 2846 977 come
2888 910 3068 999 salto
3109 910 3219 999 sui

872 1046 1131 1098 roman
1175 1032 1487 1116 pastore,
1522 1024 1727 1117 idest,
1763 1044 1945 1119 papa
1992 1044 2367 1116 romanuS,
2408 1016 2550 1095 cosi
2596 1029 2906 1117 scopersi
2955 1028 3026 1097 Ia
3075 1029 3217 1098 vim

874 1148 1247 1236 bugiarda,
1302 1143 1829 1237 quiaavaritia
1893 1143 2208 1218 mendax
2273 1144 2623 1238 promittit
2682 1147 2954 1219 homini
3008 1146 3217 1219 suffi-

874 1266 1235 1359 cientiam,
1272 1272 1345 1338 et
1380 1255 1763 1359 praestat(²)
1799 1264 1930 1337 sibi
1968 1264 2459 1360 indigentiam.
2500 1265 2584 1337 Et
2622 1265 2852 1361 tangit
2885 1286 3211 1361 causam,

874 1406 1109 1481 quare
1158 1385 1431 1460 detexit
1481 1384 1702 1458 vitam
1759 1384 2091 1458 fallacem
2146 1385 2218 1457 in
2271 1391 2561 1478 papatu,
2606 1386 2777 1479 quia
2830 1387 3029 1460 venit
3078 1387 3211 1461 sibi

871 1507 944 1579 in
1000 1514 1363 1580 mentem:
1415 1506 1602 1580 Ecce
1646 1505 1820 1599 quid
1856 1505 2140 1599 petisti?
2180 1511 2286 1577 tot
2336 1505 2729 1600 laboribus,
2775 1513 2884 1579 tot
2935 1507 3213 1581 viribus

871 1627 1152 1701 cunctis
1202 1626 1456 1701 diebus
1518 1626 1684 1698 vitae
1748 1633 1916 1718 tuae,
1969 1625 2268 1699 studens
2331 1645 2623 1720 semper
2683 1626 3074 1721 cupiditati,
3126 1635 3213 1700 ut

870 1745 1294 1841 pervenires
1343 1747 1439 1819 ad
1483 1731 1709 1818 ‘istum
1763 1766 2105 1818 amarum
2149 1745 2521 1840 gradum?
2562 1745 2746 1819 Dicit
2784 1766 3004 1841 ergo:
3062 1747 3212 1819 Vidi

868 1869 988 1939 che
1037 1859 1109 1956 12,
1162 1865 1366 1959 idest,
1418 1866 1491 1939 in
1542 1873 1740 1939 tanta
1791 1865 2193 1956 altitudine,
2247 1886 2387 1937 non
2448 1869 2511 1937 si
2571 1873 2867 1957 quetava
2913 1870 2969 1939 il
3015 1888 3203 1957 core,
3248 1853 3287 1882 ⁰

870 1987 1058 2060 sicut
1107 1986 1286 2060 falso
1337 2005 1830 2080 speraveram,
1867 1980 1960 2058 ne*
1979 1981 2102 2078 pit}
2135 1988 2313 2058 satir
2340 1989 2609 2076 poleas-i
2655 1990 2732 2059 in
2782 1991 3003 2078 quella
3035 1989 3204 2076 vita,

868 2108 1072 2198 idest,
1110 2127 1256 2179 non
1307 2113 1636 2200 poteram
1672 2106 2060 2200 pervenire
2094 2106 2185 2179 ad
2220 2106 2556 2180 altiorem
2608 2108 2924 2202 gradum
2976 2107 3210 2202 digni-

871 2229 1035 2303 tatis
1085 2227 1159 2298 in
1211 2226 1356 2299 vita
1408 2226 1812 2319 temporali.
1869 2227 1958 2299 Et
2009 2227 2123 2300 hic
2175 2232 2370 2319 nota,
2407 2227 2604 2320 quod
2641 2227 2998 2301 Adrianus
3042 2227 3208 2302 fecit

870 2337 1218 2441 optima'm
1276 2344 1654 2418 rationem.
1694 2344 1824 2419 Cui
1881 2346 2075 2418 enim
2131 2346 2286 2440 regi
2342 2347 2455 2419 vel
2498 2346 2796 2441 principi
2849 2354 2959 2421 est
3007 2353 3202 2419 tanta

870 2464 1181 2560 dignitas
1215 2464 1330 2537 vel
1364 2468 1730 2557 potestas?
1764 2464 2022 2538 Caeteri
2061 2465 2330 2538 habent
2368 2486 2630 2562 regere
2664 2467 3038 2559 mortalia3
3088 2465 3208 2539 hic

870 2584 1269 2678 spiritualia
1311 2583 1777 2678 gubernare:
1815 2583 1936 2655 alii
1979 2584 2245 2658 habent
2298 2585 2873 2679 praeminentiam
2928 2587 3022 2659 ab
3074 2587 3206 2659 ho-

873 2706 1089 2799 mine,
1143 2703 1258 2778 hic
1308 2704 1401 2776 ab
1452 2710 1728 2776 aeterna
1779 2703 2127 2797 sapientia
2180 2691 2357 2776 Dei:
2410 2703 3000 2778 alii-facultatem
3053 2711 3206 2778 ter-

868 2846 1244 2912 renorum,
1284 2824 1397 2897 hic
1446 2824 1667 2897 habet
1716 2823 2127 2898 libertatem
2183 2830 2658 2915 aeternorum,
2696 2824 2944 2918 immo,
2984 2832 3065 2897 ut
3096 2824 3206 2898 di-

865 2950 1064 3036 cunt,
1091 2943 1502 3017 dominator
1537 2942 1878 3015 vivorum
1917 2942 2134 3015 simul
2171 2950 2243 3016 et
2281 2948 2770 3017 mortuorum.
2800 2943 2986 3015 Nihil
3023 2964 3205 3039 ergo

864 3063 1101 3137 maius
1154 3068 1263 3136 est
1313 3062 1428 3135 vel
1479 3082 1639 3135 esse
1689 3067 1926 3155 potest
1977 3061 2051 3134 in
2101 3062 2284 3135 orbe
2332 3061 2749 3154 christiano,
2784 3062 2951 3136 licet
2991 3062 3233 3136 hodie·

858 3204 1123 3278 parum
1179 3182 1829 3276 magnipendatur3
1874 3182 2037 3256 ideo
2073 3182 2261 3255 bene
2301 3181 2509 3254 dicit:
2539 3178 2796 3274 perche*
2825 3185 3194 3274 dfluesta,

860 3302 1152 3392 scilicet,
1206 3300 1348 3372 vita
1401 3307 1703 3392 aeterna,
1756 3322 1890 3394 pro
1953 3321 2102 3393 qua
2164 3302 2493 3376 habenda
2545 3302 2661 3377 hic
2712 3322 2990 3398 purgor
3037 3301 3197 3395 plo-

855 3419 1113 3512 rando,
1163 3422 1238 3490 in
1290 3440 1395 3490 me
1442 3421 1498 3489 s’
1525 3439 1757 3491 accese
1805 3440 2071 3492 amore.
2128 3421 2213 3493 Et
2259 3421 2373 3494 hic
2413 3421 2654 3494 subdit
2695 3421 2931 3514 qualis
2984 3420 3202 3494 suerit

858 3547 1032 3615 ante
1083 3539 1256 3613 illud
1308 3545 1598 3633 tempus
1638 3538 1924 3612 dicens:
1955 3541 2103 3630 fino
2152 3562 2198 3612 a
2251 3543 2407 3631 quel
2446 3548 2689 3633 pumo,
2727 3540 3199 3635 promotionis

861 3660 1226 3753 maximae,
1255 3663 1363 3753 siti
1409 3662 1652 3732 anima
1704 3661 1965 3730 misera
2014 3680 2050 3731 e
2093 3664 2364 3751 partica
2412 3662 2510 3732 da
2544 3663 2700 3733 Dio.
2740 3660 2825 3733 Et
2861 3661 2977 3734 hic
3031 3664 3196 3733 nota

860 3782 1055 3875 quod
1108 3780 1467 3854 Adrianus
1517 3799 1786 3854 verum
1820 3779 2031 3873 dicit3
2068 3780 2416 3872 quoniam
2452 3780 2757 3853 avaritia
2800 3786 3195 3854 sectatores

854 3922 1028 3976 suos
1078 3921 1121 3974 a
1175 3899 1538 3974 consortio
1589 3897 1980 3972 divinitatis
2029 3908 2102 3974 et
2129 3888 2203 3988 (³)
2257 3918 2396 3970 usu
2447 3898 2759 3971 coelestis
2810 3896 3200 3973 beatitudi-

853 4022 967 4095 nis
1021 4027 1355 4096 removet
1390 4028 1466 4094 et
1498 4020 1830 4114 elongat3
1870 4038 2004 4091 nec
2042 4024 2275 4111 potest
2308 4038 2578 4090 avarus
2615 3992 3199 4097 fierixoti'crfil-

851 4163 1004 4237 poS,
1055 4142 1244 4216 sicut
1293 4139 1553 4215 accidit
1607 4138 1727 4211 uni
1783 4138 2099 4212 consorti
2137 4112 2343 4209 istsss
2379 4138 2437 4210 A
2600 4124 2693 4210 ni'.
2738 4138 2923 4212 Nam
2964 4136 3200 4211 domi-

853 4282 993 4334 nus
1026 4260 1434 4354 principalis
1468 4259 1560 4333 de
1595 4258 1821 4332 Flisco
1863 4257 2256 4331 ditissimus
2299 4256 2473 4330 cleri
2546 4254 2736 4329 ‘rum
2781 4255 3197 4351 impetravit

854 4379 1284 4454 vicariatum
1323 4377 1603 4471 imperii
1640 4399 1683 4451 a
1719 4378 2126 4471 RodulphO,
2162 4398 2254 4451 ex
2298 4397 2447 4470 quo
2487 4377 3029 4470 depauperatus
3062 4382 3192 4449 est.

983 4640 1036 4701 (¹)
1068 4638 1129 4689 B.
1162 4640 1540 4702 recognoverit.
1788 4638 1845 4703 (²)
1879 4638 1939 4688 E.
1974 4643 2135 4700 parat.
2383 4636 2439 4697 (¹)
2474 4636 2535 4687 E.
2568 4640 2621 4687 et
2653 4636 2765 4687 vim
2799 4635 3036 4686 coelestis.
