3704 5559
1172 485 1450 540 CAN'rus
1500 486 1816 541 DECIMUS
1865 486 2221 551 QUARTUS.
2723 473 2862 540 393

525 632 816 722 tissima,
856 623 1400 723 temporibus(¹)
1436 631 1859 725 gothorum,
1898 630 2547 726 langobardorum,
2576 637 2650 704 et
2689 649 2867 702 van-

522 752 903 842 dalorum3
965 747 1220 822 habuit
1279 769 1471 843 saepe
1532 769 1792 844 reges3
1861 750 2094 824 multa
2154 757 2228 823 et
2287 769 2555 845 magna
2607 748 2864 843 proelia

522 874 685 949 fecit
719 878 793 946 et
826 869 1012 962 tulit,
1040 868 1204 943 licet
1243 868 1456 943 hodie
1506 870 1597 942 sit
1647 877 1934 944 tantum
1972 870 2315 965 languida
2356 876 2431 944 et
2464 870 2861 960 exhausta3

519 993 648 1067 sed
697 989 1064 1085 decrepita
1114 989 1355 1063 amisit
1404 991 1597 1064 vires
1647 1011 1820 1063 suas
1881 991 2217 1084 proxima
2282 989 2595 1065 occasui.
2663 989 2867 1062 Sicut

524 1113 716 1188 enim
749 1110 1112 1205 „scribitur
1164 1110 1237 1183 in
1288 1109 1473 1183 libro
1524 1109 1902 1183 Chronicae
1961 1111 2352 1204 Ravennae,
2406 1110 2534 1202 qui
2601 1108 2866 1182 dicitur

523 1230 969 1328 pontificaliS,
1015 1229 1364 1303 Ravenna
1416 1228 1701 1303 condita
1738 1235 1847 1303 est
1881 1250 1927 1302 a
1961 1229 2482 1324 pronepotibus
2517 1231 2672 1301 Noe
2706 1235 2866 1322 post

520 1350 892 1425 Diluvium
945 1353 1115 1422 ante
1164 1347 1626 1422 Nativitatem
1660 1339 1732 1439 (²)
1787 1348 2047 1422 Christi
2083 1370 2217 1443 per
2249 1368 2479 1421 annos
2513 1347 2663 1420 duo
2701 1346 2866 1418 mil-

523 1471 617 1544 lia
654 1468 1225 1564 quadringentos
1262 1467 1656 1562 nonaginta
1689 1487 1982 1541 novem.
2010 1466 2219 1555 Quod
2245 1488 2391 1540 non
2421 1466 2665 1559 credo,
2694 1464 2866 1558 quia

521 1589 613 1664 de
664 1593 813 1662 tam
868 1588 1084 1681 longa
1135 1586 1567 1679 antiquitate
1617 1586 1796 1658 nulli
1846 1591 2149 1660 autores
2202 1585 2625 1678 authentici,
2678 1605 2866 1678 quos

522 1730 662 1806 ego
738 1706 1069 1800 viderim,
1145 1704 1420 1799 aliquid
1496 1705 1823 1779 scribunt
1859 1697 1957 1797 (³).
2038 1706 2385 1780 Ravenna
2456 1705 2652 1780 enim
2730 1703 2865 1777 suit

522 1829 803 1904 colonia
864 1828 1314 1920 sabinorum,
1369 1833 1451 1899 ut
1502 1826 1670 1900 dicit
1721 1827 2042 1921 Plinius;
2111 1834 2186 1901 et
2252 1827 2502 1901 dicunt
2564 1826 2862 1921 quidam

521 1953 911 2044 sequentes
977 1946 1394 2041 opinionem
1465 1939 1965 2040 communem,
2039 1947 2236 2040 quod
2304 1947 2407 2020 sic
2473 1946 2661 2019 dicta
2730 1950 2861 2038 est,

521 2071 695 2164 quia
764 2067 1044 2141 ratibus
1095 2067 1471 2140 venientes
1545 2064 2026 2139 condiderunt
2091 2085 2279 2140 eam.
2349 2067 2508 2139 Non
2585 2066 2861 2138 mirum

524 2209 726 2286 erg0‚
778 2188 837 2260 si
888 2194 1101 2281 poeta
1150 2187 1408 2261 nobilis
1460 2187 1677 2282 elegit
1726 2186 1860 2259 sibi
1913 2186 2164 2261 vivere
2226 2193 2300 2260 et
2364 2186 2553 2260 mori
2604 2188 2677 2260 in
2728 2207 2864 2260 no-

523 2309 646 2382 bili
723 2307 1036 2402 civitate,
1105 2307 1228 2380 uhi
1293 2308 1494 2401 jacet
1565 2306 1760 2400 apud
1835 2307 2082 2380 locum
2150 2305 2513 2379 Minorum
2592 2307 2663 2380 in
2743 2313 2862 2380 tu-

513 2428 726 2501 mulo
780 2426 989 2502 valde
1037 2425 1269 2522 gravi.
1333 2426 1419 2497 Et
1485 2431 1687 2499 certe
1749 2424 2038 2521 dignius
2096 2425 2402 2517 quiescit
2461 2427 2728 2500 Dantes
2787 2427 2861 2499 in

526 2552 722 2621 terra
774 2545 1062 2619 madida
1114 2545 1469 2640 sanguine
1520 2552 1959 2639 martyrum,
1997 2543 2070 2616 in
2110 2566 2258 2636 qua
2295 2544 2426 2616 fuit
2462 2546 2862 2620 honoratus

525 2666 597 2739 in
650 2666 819 2759 vita,
874 2685 1098 2758 quam
1149 2665 1225 2737 in
1278 2670 1477 2737 terra
1531 2664 1848 2759 maligna
1900 2668 1973 2737 et
2026 2663 2330 2757 ingrata,
2385 2668 2468 2735 ut
2534 2664 2683 2757 ipse
2734 2663 2858 2756 ait,

522 2785 615 2860 de
650 2806 797 2878 qua
834 2785 1085 2857 vivens
1118 2783 1335 2879 digne
1365 2771 1438 2874 (⁴)
1479 2783 1710 2857 sactus
1745 2791 1855 2856 est
1890 2785 2084 2857 exul.
2122 2783 2210 2854 Et
2244 2783 2606 2857 concludit
2644 2789 2859 2877 poeta

523 2903 616 2978 de
680 2903 967 2976 duabus
1032 2902 1315 2975 familiis
1370 2902 1752 2996 praecipuis
1819 2901 1912 2975 de
1977 2902 2371 2976 Ravenna:
2443 2925 2480 2974 e
2554 2905 2760 2975 l'zma
2824 2925 2862 2974 e

525 3019 579 3095 Γ
599 3025 790 3095 altra
836 3029 1058 3112 yeme,
1110 3021 1399 3115 scilicet,
1453 3041 1687 3117 genus
1738 3021 2381 3095 Traversariorum
2434 3026 2507 3095 et
2556 3020 2861 3095 Anasta-
2931 3048 2946 3062 ·

522 3141 827 3234 siorum‚
880 3133 922 3212 e*
965 3143 1291 3229 diretaca,
1343 3141 1515 3234 quia
1566 3160 1715 3213 non
1767 3145 1967 3214 extat
2020 3141 2254 3214 haeres
2301 3161 2501 3213 suus,
2554 3140 2660 3213 De
2712 3160 2862 3233 quo

521 3260 915 3335 dolendum
968 3267 1098 3334 est.
1127 3300 1226 3312 —
1251 3265 1344 3331 Le
1391 3264 1639 3332 donne.
1694 3260 1823 3334 Hic
1875 3259 2110 3334 Guido
2146 3266 2511 3334 memorat
2544 3268 2749 3356 gesta
2786 3267 2862 3334 et

524 3379 703 3454 festa
751 3380 986 3475 gentis
1036 3378 1556 3471 Romandiolae,
1607 3378 1890 3452 dicens:
1945 3401 1982 3450 e
2031 3382 2314 3471 quando
2372 3379 2751 3451 rimembro
2803 3381 2864 3451 le

523 3504 750 3574 donne
798 3523 835 3572 e
885 3503 912 3572 i
960 3503 1295 3590 cavalier,
1350 3500 1476 3593 qui
1536 3501 1748 3573 multi
1805 3506 2018 3574 erant
2083 3500 2155 3573 in
2224 3499 2719 3573 Romandiola.
2777 3499 2864 3570 Et

522 3619 644 3694 dat
692 3621 993 3717 singulis
1032 3620 1272 3694 officia
1307 3639 1465 3711 sua,
1501 3620 1785 3694 dicens:
1820 3623 1923 3710 qli
1954 3622 2230 3711 affanm’
2261 3641 2299 3690 e
2336 3622 2436 3709 qli
2472 3622 2616 3708 aqi,
2657 3617 2862 3710 idest,

524 3740 870 3814 exercitia
921 3760 1330 3833 armorum,
1396 3741 1699 3814 honesta
1766 3738 2121 3831 convivia,
2187 3737 2520 3832 tripudia,
2582 3741 2654 3810 et
2720 3736 2862 3809 alia

525 3857 800 3950 solatia,
873 3878 1194 3950 quorum
1256 3859 1503 3952 aliqua
1570 3858 1802 3954 magis
1870 3862 2294 3951 competunt
2355 3855 2548 3947 viriS,
2617 3854 2864 3947 aliqua

525 3977 998 4071 mulieribus;
1051 3984 1125 4051 et
1173 3977 1378 4051 dicit:
1432 3981 1552 4050 che
1599 3999 1687 4049 ne
1718 3979 2145 4067 ἠυοῃῖὶαυα,
2199 3975 2402 4068 idest,
2455 3994 2621 4067 quae
2670 3994 2864 4068 prae-

524 4097 711 4172 dicta
779 4097 1216 4171 inducebant
1280 4119 1414 4172 nos
1489 4097 1563 4171 in
1633 4098 2110 4189 voluntatem,
2177 4115 2384 4168 amor
2442 4114 2479 4165 e
2540 4097 2863 4184 cortesia,

647 4290 702 4352 (¹)
735 4289 795 4339 E.
830 4295 1065 4353 tempore
1097 4292 1395 4355 gothorum.

648 4363 701 4426 (’)
734 4366 797 4416 E.
829 4371 948 4416 ante
980 4366 1306 4417 Nativitatem
1328 4366 1682 4430 gloriosissimi
1713 4368 2076 4431 Redemptor-is
2108 4368 2271 4418 nostri
2303 4366 2511 4418 Domini
2532 4366 2655 4416 Iesu
2676 4365 2864 4416 Christi

521 4457 615 4506 per
643 4455 1088 4580 &ngscribunn
1119 4533 1250 4583 quos
1281 4531 1380 4582 ego
1411 4519 1648 4571 vidissem
1680 4520 1865 4571 saltem
1897 4521 1939 4570 si
1972 4534 2066 4584 per
2087 4519 2215 4572 alios
2237 4519 2329 4571 visi
2350 4518 2582 4569 fuissent.
2600 4517 2862 4568 Ravenna.

645 4594 699 4659 (⁸)
732 4594 793 4644 E.
826 4594 1032 4658 indigue
1064 4595 1231 4646 sactus
1262 4600 1357 4646 est.
2834 4597 2835 4600 ¹
