3704 5559
1468 511 1744 566 CANTUs
1796 512 2081 565 pannus,
2900 497 2942 564 3

600 661 927 747 inqeynO,
968 657 1084 730 vel
1121 656 1434 750 respexit
1489 657 1993 749 metaphoram
2051 656 2283 751 magis
2335 656 2728 749 propriam,
2774 654 2945 748 quia

601 778 938 851 navicula
992 777 1314 851 velocius
1367 778 1596 851 currit
1650 799 1780 871 per
1820 799 2117 870 aquam,
2157 784 2230 850 et
2273 776 2443 849 nihil
2481 777 2803 851 velocius
2838 786 2949 851 est

602 900 914 994 ingenio,
970 898 1166 991 quod
1218 898 1581 992 percurrit
1637 898 2062 971 universum
2118 899 2282 989 cito,
2336 906 2409 971 et
2469 899 2702 970 multa
2743 918 2948 970 com-

603 1019 957 1114 plectitur.
1005 1017 1354 1091 Navicula
1408 1018 1624 1091 etiam
1685 1017 1961 1090 facilius
1999 1023 2333 1110 penetrat
2381 1038 2678 1110 aquam,
2734 1024 2805 1091 et
2852 1017 2947 1090 ita

605 1139 977 1235 ingenium
1052 1146 1355 1211 acutum
1427 1138 1835 1211 materiam.
1914 1138 2045 1211 Vel
2113 1137 2282 1210 dicit
2353 1138 2710 1230 navicula,
2778 1138 2951 1230 quia

605 1270 854 1354 postea
908 1258 1276 1352 navigabit
1327 1278 1498 1331 cum
1557 1279 1822 1353 magna
1878 1258 2041 1330 navi
2096 1268 2382 1333 armata
2418 1279 2690 1350 aquam
2736 1279 2951 1351 para-

605 1380 758 1472 disi,
813 1378 936 1451 ubi
989 1378 1157 1451 dicit
1208 1378 1531 1451 secundo
1586 1378 1923 1471 capitulo,
1978 1382 2198 1451 diecro
2260 1382 2337 1449 al
2392 1382 2529 1449 mio
2582 1382 2783 1469 leyno
2833 1382 2952 1451 che

608 1501 957 1572 cantando
988 1520 1227 1570 varca.
1256 1539 1353 1549 —
1383 1501 1612 1587 Omai,
1642 1498 1846 1590 idest,
1867 1498 2228 1591 deincepS,
2255 1502 2422 1571 alza
2450 1502 2509 1571 le
2545 1503 2710 1589 vele,
2749 1500 2954 1594 idest,

610 1617 820 1713 erigit
872 1619 1093 1693 altam
1149 1616 1742 1711 speculationem.
1798 1618 1885 1689 Et
1935 1618 2051 1690 hic
2104 1625 2276 1690 nota
2328 1618 2523 1710 quod
2565 1627 2780 1712 poeta
2821 1640 2955 1692 no-
3001 1633 3004 1637 ·

613 1749 761 1815 ster
813 1742 883 1814 in
937 1746 1088 1813 toto
1142 1744 1479 1832 poemate
1530 1757 1666 1809 suo
1720 1737 2084 1829 percurrit
2140 1744 2286 1811 tres
2320 1759 2586 1830 aquas3
2631 1760 2951 1831 quarum

611 1861 843 1955 prima
899 1867 1008 1933 est
1057 1858 1269 1930 bassa
1320 1864 1392 1930 et
1459 1862 1773 1949 mortua,
1829 1857 2099 1930 scilicet
2159 1857 2549 1952 infernaliS,
2613 1866 2683 1932 et
2746 1860 2956 1932 istam

612 1981 909 2076 navigat
941 1972 1013 2073 (¹)
1073 1981 1460 2071 hucusque
1518 1977 1608 2050 ad
1676 1977 1844 2051 litus
1908 1999 2079 2051 cum
2148 2000 2396 2072 remo;
2464 1981 2782 2053 secunda
2850 1988 2961 2054 est

616 2101 759 2173 alta
813 2107 886 2173 et
936 2100 1124 2191 viva,
1178 2090 1353 2190 et(²)
1413 2099 1545 2171 ista
1599 2098 1839 2191 incipit
1894 2098 2181 2194 erigere
2233 2101 2530 2191 velum3
2586 2101 2800 2173 tertia
2852 2107 2962 2175 est

618 2220 962 2293 altissima
1014 2226 1088 2293 et
1139 2217 1723 2311 profundissima,
1774 2218 2040 2292 scilicet
2091 2219 2426 2313 paradisi,
2462 2227 2534 2293 et
2586 2221 2682 2294 ibi
2734 2222 2961 2295 intra-

613 2340 718 2413 bit
769 2337 1212 2433 profundum
1278 2338 1619 2433 pelagus:
1684 2340 1801 2408 che
1866 2341 2083 2409 lascia
2145 2342 2368 2411 dicero
2428 2362 2474 2412 a
2538 2363 2612 2413 se
2675 2362 2837 2412 mar
2903 2332 2964 2413 εὶ

616 2464 917 2550 crudele,
970 2459 1173 2551 idest,
1226 2464 1375 2530 tam
1430 2478 1763 2530 amaram
1818 2458 2228 2552 materiam,
2285 2461 2517 2553 qualis
2579 2467 2688 2535 est
2739 2460 2963 2534 infer-

618 2581 820 2673 nalis,
867 2579 994 2652 ubi
1044 2579 1219 2652 vidit
1255 2584 1358 2651 tot
1394 2586 1466 2651 et
1503 2584 1648 2650 tam
1695 2579 2021 2653 crudelia
2059 2586 2424 2654 tormenta
2470 2572 2959 2674 poenarum(³)

620 2702 991 2775 amariora
1043 2699 1241 2772 omni
1296 2699 1504 2793 mari,
1558 2705 1639 2772 ut
1692 2699 1924 2793 patuit
1972 2720 2104 2793 per
2155 2706 2388 2772 totum
2454 2701 2723 2773 librum
2775 2722 2967 2795 prae-

619 2822 1021 2895 cedentem.
1078 2820 1164 2891 Et
1213 2818 1524 2892 ostendit
1575 2819 1664 2892 ad
1736 2820 1908 2912 quid
1973 2820 2204 2915 erigat
2265 2821 2425 2893 vela
2488 2820 2776 2894 dicens:
2833 2843 2969 2914 per

620 2963 867 3014 correr
918 2943 1198 3030 miqlior
1250 2960 1500 3030 acqua,
1555 2938 1759 3032 idest,
1815 2960 2039 3013 causa
2091 2940 2539 3014 describendi
2587 2942 2966 3015 meliorem

624 3061 1007 3135 materiam
1063 3066 1134 3133 et
1190 3059 1419 3155 magis
1472 3060 1688 3153 piam.
1744 3060 1831 3131 Et
1876 3060 1990 3133 hic
2026 3068 2199 3133 nota
2236 3061 2430 3154 quod
2471 3063 2705 3155 prima
2750 3083 2969 3156 aqua,

624 3182 805 3255 idest
857 3181 1188 3274 materia,
1242 3187 1350 3253 est
1400 3180 1591 3253 bona
1640 3180 1922 3253 ratione
1955 3181 2277 3274 justitiae,
2322 3204 2489 3275 quae
2542 3183 2614 3255 in
2649 3205 2728 3257 se
2779 3184 2970 3259 bona

625 3308 755 3394 est,
809 3322 976 3394 quae
1029 3301 1249 3375 etiam
1304 3300 1435 3372 fuit
1483 3301 1673 3373 bona
1712 3321 1843 3394 pro
1880 3308 2092 3393 poeta
2131 3309 2204 3375 et
2239 3304 2714 3394 sequentibus
2752 3325 2969 3377 eum:

626 3420 945 3494 secunda
998 3427 1107 3494 est
1161 3420 1440 3512 melior,
1494 3409 1768 3512 quia(⁴)
1823 3420 2040 3493 habet
2093 3420 2164 3492 in
2215 3442 2294 3494 se
2326 3423 2683 3515 justitiam
2726 3432 2795 3498 et
2834 3425 2974 3498 mi-

626 3540 1145 3614 sericordiam:
1203 3540 1413 3613 tertia
1466 3546 1575 3612 est
1627 3539 1924 3633 optima,
1979 3539 2151 3632 quia
2218 3541 2436 3613 habet
2496 3542 2569 3613 in
2635 3564 2714 3617 se
2765 3566 2974 3617 sum-

631 3680 836 3731 mum
892 3659 1168 3732 bonum
1222 3666 1297 3733 et
1348 3659 1742 3752 perfectam
1800 3658 2236 3732 felicitatem.
2267 3666 2456 3732 —E
2500 3655 2807 3735 cantero.
2846 3665 2976 3738 Hic

628 3786 845 3874 poeta
896 3780 1130 3873 aperit
1179 3801 1390 3852 suam
1447 3777 1919 3852 intentionem
1974 3779 2166 3853 circa
2221 3781 2602 3854 materiam
2647 3786 2977 3877 proposi-

632 3906 806 3993 tam,
833 3899 1116 3973 dicens:
1156 3922 1192 3971 e
1224 3891 1532 3990 canterd,
1562 3898 1764 3989 idest,
1799 3918 1938 3993 ego
1975 3906 2187 3992 poeta
2225 3900 2492 3972 Dantes
2529 3902 2653 3992 qui
2691 3905 2979 3977 cantavi

631 4018 723 4091 de
774 4018 1011 4112 primo
1063 4039 1291 4114 regno
1344 4018 1736 4092 infelicium
1788 4017 2335 4108 damnatorum,
2391 4040 2585 4092 nunc
2641 4023 2978 4118 cantabO,

633 4137 813 4211 idest
865 4139 1145 4232 poetice
1204 4140 1633 4231 describam,
1703 4143 1777 4212 di
1833 4143 1991 4229 quel
2041 4141 2339 4210 secondo
2401 4161 2651 4232 regma,
2712 4144 2982 4218 scilicet

632 4261 1084 4354 purgatorio,
1131 4261 1310 4334 idest
1360 4262 1450 4335 de
1503 4260 1824 4334 secundo
1865 4266 2056 4332 statu
2095 4260 2382 4353 animae,
2421 4282 2588 4353 quae
2633 4266 2982 4341 recedens

634 4399 674 4449 a
732 4378 916 4452 vitiis
977 4387 1087 4453 est
1157 4381 1230 4453 in
1299 4381 1724 4477 purgatorio
1777 4379 2035 4453 morali
2089 4378 2476 4454 coniuncta
2539 4384 2851 4477 corpori,
2906 4394 2981 4460 et

761 4568 813 4627 (¹)
849 4571 938 4616 1¹⁷
971 4581 1001 4616 e
1036 4568 1096 4616 E.
1131 4569 1401 4632 navigavit.
1983 4565 2040 4629 (¹)
2072 4568 2131 4618 E.
2166 4574 2218 4617 et
2254 4569 2304 4616 in
2340 4569 2451 4617 ista.

758 4640 814 4703 (⁸)
847 4642 908 4693 Ε.
944 4657 1214 4705 poenarum
1247 4650 1300 4694 et
1333 4646 1530 4695 maiora
1562 4645 1720 4694 omni.
1987 4644 2040 4706 (⁸)
2077 4649 2182 4703 ¹17,
2217 4658 2332 4707 quae
2367 4645 2545 4694 habuit
2577 4647 2627 4693 in
2662 4658 2732 4694 se.
