3704 5559
883 459 1022 523 450
1611 467 2016 522 COMENTUM
2067 466 2505 520 PURGA'ronu

879 614 1317 688 evidentiam
1382 621 1493 688 est
1557 612 1960 703 sciendum,
2021 611 2218 705 quod
2286 612 2473 686 sicut
2534 615 2769 705 potest
2831 609 3064 704 colligi
3125 630 3219 683 ex

881 734 1129 808 multis
1190 734 1388 808 libris
1452 734 1699 828 sacris,
1753 740 1827 808 et
1891 753 1984 807 ex
2037 734 2347 827 Josepho
2411 731 2596 804 libro
2660 729 3219 823 Antiquitatum,

882 855 1056 929 Levi
1107 855 1244 928 fuit
1292 877 1487 929 unus
1536 876 1624 929 ex
1680 850 2068 928 duodecim
2122 852 2283 926 filiis
2324 852 2571 943 Jacob,
2608 857 2822 925 natus
2866 872 2959 925 ex
2995 850 3140 944 Lia,
3173 872 3221 924 a

883 997 1033 1071 quo
1085 976 1528 1051 denominati
1582 983 1754 1049 sunt
1801 976 2093 1049 Levitae.
2150 974 2351 1047 Hanc
2401 973 2702 1046 Tribum
2767 973 3047 1067 Moyses
3105 991 3223 1045 se-

883 1096 1219 1192 gregavit
1267 1096 1363 1169 ab
1413 1096 1592 1189 aliiS,
1646 1102 1721 1169 et
1769 1096 2105 1189 sacravit,
2163 1100 2244 1167 ut
2294 1093 2713 1187 simpliciter
2759 1097 3055 1166 vacaret
3107 1112 3223 1164 sa-

886 1215 1195 1309 crificiiS,
1248 1222 1323 1290 et
1374 1222 1672 1290 vacaret
1720 1216 1815 1290 ab
1868 1215 2109 1290 officio
2162 1214 2454 1288 militiae.
2520 1214 2799 1308 Moyses
2861 1233 3040 1309 ergo
3092 1214 3226 1287 Le-

890 1337 1210 1410 vitarum
1263 1336 1564 1411 Tribum
1611 1338 2052 1411 servituram
2106 1337 2259 1411 Deo
2309 1335 2675 1430 separavit
2722 1355 2769 1407 a
2819 1333 3114 1427 proeliis,
3151 1342 3228 1407 et

887 1456 1259 1529 constituit
1324 1458 1677 1552 populum
1747 1457 1928 1531 dare
2005 1457 2110 1531 eis
2183 1454 2504 1529 decimas
2576 1474 2996 1527 annuorum
3069 1453 3225 1527 fru-

888 1581 1167 1650 ctuum.
1223 1577 1401 1653 Vide
1451 1598 1655 1674 ergo,
1710 1577 1886 1672 quid
1938 1584 2153 1672 poeta
2182 1569 2254 1668 (¹)
2312 1575 2486 1649 velit
2542 1574 2786 1649 dicere
2851 1575 2990 1669 hic,
3053 1596 3224 1650 cum

887 1695 1089 1769 dicit:
1145 1706 1210 1771 et
1256 1720 1344 1770 or
1395 1702 1744 1790 discernO,
1795 1698 2001 1792 idest,
2039 1704 2112 1771 et
2163 1717 2361 1770 nunc
2396 1696 2788 1792 perpendo,
2813 1694 3074 1789 perche=
3103 1700 3228 1771 dal

883 1821 1204 1908 retayyio
1238 1822 1290 1891 li
1318 1822 1474 1912 fiyli
1506 1823 1580 1892 di
1613 1812 1797 1909 Levi,
1827 1819 2011 1892 sicut
2039 1820 2342 1912 MoyseS,
2379 1818 2644 1910 Aaron,
2673 1823 2749 1890 et
2787 1817 2905 1890 alii
2931 1818 3226 1911 Levitae,

880 1941 1098 2029 suren
1149 1944 1381 2031 eserici,
1416 1940 1600 2014 idest
1633 1939 1838 2012 divisi
1875 1946 1949 2012 et
1986 1939 2244 2013 remoti
2281 1960 2325 2012 a
2360 1936 2683 2011 dominio
2719 1943 2792 2011 et
2825 1937 3228 2013 hereditate

891 2059 1137 2131 Terrae
1187 2059 1492 2151 Sanctae,
1555 2081 1779 2152 quam
1844 2059 2283 2153 promiserat
2352 2059 2545 2132 Deus
2606 2057 2953 2150 Abraam,
3005 2057 3229 2149 Isaac,

891 2177 1111 2250 Jacob
1164 2186 1238 2252 et
1286 2179 1545 2251 semini
1598 2179 2305 2253 eorum—Deinde
2353 2184 2568 2272 poeta
2622 2184 2873 2252 movet
2922 2177 3229 2250 dubium

893 2297 1136 2369 Marco
1186 2297 1380 2372 circa
1445 2320 1682 2372 unum
1749 2299 2325 2392 nominatorum,
2380 2299 2551 2393 quia
2606 2306 3003 2373 vocaverat
3055 2319 3229 2373 eum

892 2415 1308 2510 simpliciter
1359 2418 1847 2514 Gherardum,
1899 2440 2070 2494 cum
2137 2419 2345 2492 multi
2404 2418 2522 2493 alii
2593 2425 2884 2513 possent
2947 2438 3106 2493 esse
3156 2418 3233 2491 in

894 2533 1014 2609 iila
1065 2537 1364 2633 regione
1414 2545 1488 2613 et
1539 2541 1769 2635 patria
1822 2539 2149 2614 eiusdem
2207 2539 2540 2614 nominis.
2595 2539 2801 2613 Unde
2852 2539 3056 2612 dicit:
3107 2543 3235 2612 Ma

892 2660 1061 2747 qual
1113 2660 1482 2733 Glzerardo
1531 2654 1573 2733 e*
1618 2665 1775 2752 quel
1819 2664 1939 2734 che
1989 2668 2058 2733 tu
2109 2665 2203 2732 mi
2253 2664 2373 2750 di',
2429 2659 2629 2753 idest,
2675 2658 2873 2753 dicis,
2926 2657 3083 2733 ck'e‘
3124 2661 3232 2731 ri-

891 2800 1089 2852 maso
1130 2803 1267 2872 per
1313 2787 1591 2874 saqqio,
1644 2783 1846 2877 idest,
1885 2804 2019 2878 pro
2054 2781 2295 2877 sagaci
2343 2789 2417 2855 et
2459 2781 2785 2876 sapienti,
2821 2783 3007 2854 della
3038 2787 3233 2870 yeme

891 2908 1159 2992 sperata,
1214 2902 1393 2977 idest
1446 2912 1765 2997 mortua,
1816 2907 1891 2976 in
1940 2905 2410 2994 rimproverio
2443 2904 2558 2974 del
2602 2903 2787 2974 secol
2830 2903 3235 2991 selvayqio?

894 3018 1096 3114 idest,
1150 3020 1222 3094 in
1275 3022 1802 3117 improperium
1857 3029 1930 3097 et
1981 3022 2297 3096 dedecus
2359 3020 2565 3116 pravi
2621 3020 3140 3113 temporis‘i—
3174 3022 3235 3092 Ο

891 3146 1006 3211 tuo
1052 3144 1333 3231 parlar.
1376 3143 1504 3216 Hic
1558 3143 1815 3215 ultimo
1870 3149 2084 3236 poeta
2143 3140 2345 3235 ponit
2408 3140 2952 3235 responsionem
3011 3139 3229 3211 Marci

894 3257 986 3331 ad
1039 3260 1453 3354 quaesitum,
1507 3262 1790 3336 dicens:
1858 3262 1977 3335 iile
2028 3263 2336 3355 Marcus,
2393 3265 2662 3353 rsspose
2711 3281 2759 3333 a
2810 3283 2955 3334 me.-
3012 3262 3073 3332 Ο
3115 3266 3232 3331 tuo

886 3380 1150 3468 parlar
1201 3382 1289 3450 m’
1315 3383 1660 3471 inpanna,
1711 3402 1753 3453 o
1804 3385 1862 3453 θ’
1900 3384 1995 3454 mi
2045 3388 2229 3454 tenca
2245 3409 2276 3476 ,·
2330 3387 2402 3456 et
2453 3402 2628 3456 ecce
2678 3381 3072 3475 quomod0,
3117 3381 3235 3452 che

885 3500 1349 3590 parlandomi
1398 3507 1582 3573 tosco
1627 3522 1771 3594 par
1821 3504 1940 3574 che
1991 3505 2105 3575 del
2134 3504 2315 3575 buon
2358 3505 2726 3576 Gherardo
2769 3505 2964 3576 nulla
3014 3509 3234 3575 senta.

892 3618 1112 3706 Quasi
1156 3618 1383 3695 dicat:
1438 3621 1671 3696 miror
1720 3621 1813 3696 de
1863 3628 1960 3717 te,
2004 3622 2176 3716 quia
2217 3623 2386 3697 licet
2419 3622 2515 3696 sis
2551 3629 2822 3716 tuscuS,
2861 3643 3007 3696 non
3047 3622 3238 3695 lom-

896 3739 1190 3835 barduS,
1245 3763 1390 3815 non
1453 3742 1718 3818 videris
1779 3743 1990 3838 scire,
2044 3743 2207 3837 quis
2258 3742 2480 3816 suerit
2529 3742 2973 3836 GherarduS,
3026 3743 3237 3816 cuius

895 3861 1265 3936 curialitas
1327 3870 1402 3937 et
1460 3864 1744 3938 bonitas
1799 3865 1957 3959 jam
2029 3864 2357 3938 transivit
2415 3863 2901 3958 Apenninum,
2965 3870 3041 3938 et
3106 3883 3237 3957 per

896 3983 1167 4056 famam
1220 3985 1552 4078 pervenit
1605 3985 1676 4057 in
1727 3984 2087 4058 Tusciam.
2143 3985 2230 4057 Et
2278 3985 2558 4058 subdit:
2584 4006 2723 4077 per
2761 3987 2948 4057 altro
2980 4004 3237 4076 sopra-

893 4124 1095 4175 nome
1144 4107 1213 4174 io
1265 4107 1389 4176 nol
1433 4125 1770 4196 conosco;
1805 4104 1932 4178 sed
1972 4104 2088 4179 hic
2139 4105 2381 4179 statim
2423 4105 2661 4180 oritur
2702 4104 3075 4179 dubitatio.
3113 4104 3238 4176 Di-

894 4228 1097 4296 ceret
1145 4222 1444 4315 aliquis:
1500 4224 1872 4317 quomodo
1915 4226 2202 4299 Marcus
2238 4225 2428 4319 dicit,
2466 4246 2546 4300 se
2580 4247 2725 4299 non
2769 4245 2983 4300 nosse
3017 4225 3233 4299 istum

895 4340 990 4414 ab
1050 4341 1192 4414 aiio
1252 4343 1713 4437 cognomine,
1773 4365 1947 4417 cum
2013 4352 2260 4420 tamen
2322 4367 2732 4443 cognomen
2791 4346 3086 4420 illorum
3147 4344 3239 4419 de

1024 4607 1078 4668 (¹)
1110 4607 1172 4657 E.
1205 4613 1356 4670 poeta
1388 4608 1500 4658 vult
1533 4608 1720 4658 dicere.
