3704 5559
827 501 966 568 182
1546 510 1954 565 COMENTUM
2001 512 2438 566 PURGAToRu

822 658 1143 751 thorum,
1204 662 1287 729 ut
1349 655 1604 751 pulcre
1655 635 1998 730 scribitur
2056 656 2375 731 Paradisi
2435 657 2753 751 capitulo
2802 655 2914 751 VI,
2965 678 3041 729 se
3090 659 3162 730 la

817 781 991 852 sella
1051 774 1092 850 e*
1148 782 1311 850 voca
1335 782 1373 849 ?
1447 774 1737 870 scilicet,
1805 796 2112 870 sessore,
2185 777 2393 871 idest,
2468 778 2529 850 si
2602 778 2810 852 sedes
2878 776 3162 872 imperii

818 903 1021 973 caret
1074 898 1543 992 imperatore,
1590 896 1717 988 qui
1768 900 1909 969 stat
1960 895 2034 968 in
2084 897 2496 991 Germania,
2541 903 2625 970 ut
2664 897 2904 970 statim
2959 902 3161 991 pate-

819 1017 965 1111 bit,
1019 1023 1091 1092 et
1143 1016 1352 1090 dicit:
1406 1019 1595 1088 senz’
1621 1037 1773 1088 esso
1812 1021 1986 1110 sora
2019 1018 2092 1089 la
2127 1037 2489 1107 ver-yoyna
2530 1037 2758 1107 mene,
2795 1016 2999 1110 idest,
3034 1036 3162 1091 ve—

821 1137 1168 1212 recundia
1218 1136 1408 1211 foret
1459 1136 1701 1209 minor
1734 1135 1890 1211 sine
1929 1137 2082 1231 ipso
2124 1137 2382 1211 froeno.
2422 1136 2671 1211 Simile
2702 1135 2873 1210 dicit
2896 1131 2968 1228 (¹)
3015 1137 3163 1211 Lu-

820 1279 1049 1332 canus
1112 1258 1204 1331 de
1271 1256 1618 1351 romanis,
1690 1257 1889 1350 quod
1952 1257 2013 1328 si
2081 1255 2385 1329 fuissent
2442 1276 2735 1350 semper
2798 1254 3014 1350 servi,
3079 1263 3163 1329 ut

820 1378 1029 1452 multi
1080 1378 1396 1472 barbari,
1449 1378 1694 1451 minus
1746 1378 2053 1451 moleste
2114 1376 2499 1451 ferendum
2564 1383 2774 1451 esset.
2839 1377 2926 1448 Et
2984 1397 3161 1449 con-

820 1498 1025 1573 tinuo
1075 1500 1348 1575 invehit
1398 1504 1654 1573 contra
1706 1505 2033 1592 pastores
2085 1497 2447 1591 Ecclesiae,
2485 1497 2611 1590 qui
2656 1517 2804 1571 non
2856 1496 3160 1592 permit-

821 1626 986 1693 tunt
1019 1620 1538 1715 imperatorem
1578 1639 1893 1715 regnare
1925 1618 1997 1690 in
2034 1618 2257 1693 Italia.
2296 1617 2480 1690 Dicit
2515 1637 2733 1714 ergo:
2771 1620 2907 1690 Alei
2936 1624 3159 1708 yeme,

820 1738 1025 1833 idest,
1076 1739 1405 1813 dolenter
1458 1738 1721 1832 refero,
1773 1760 1957 1834 gens
2023 1737 2533 1831 sacerdotalis3
2600 1743 2675 1811 et
2735 1757 2879 1811 non
2940 1736 3158 1830 dicaS,

816 1878 997 1953 gens
1061 1858 1320 1953 italica,
1376 1858 1565 1933 sicut
1616 1857 1916 1952 quidam
1970 1864 2368 1952 exponunt,
2422 1863 2498 1931 et
2548 1878 2695 1931 non
2746 1857 2981 1949 bene,
3043 1859 3162 1928 che

818 1979 1122 2051 dovresti
1169 1999 1357 2051 esser
1408 1980 1671 2069 divota,
1707 1978 1977 2051 scilicet
2011 1977 2187 2071 Deo,
2224 1982 2298 2051 et
2332 1995 2600 2050 vacare
2640 1975 3157 2071 spiritualibus,

819 2101 893 2171 et
945 2098 1370 2191 temporalia
1421 2098 1786 2172 dimittere
1822 2096 2268 2191 imperatori.
2308 2096 2513 2171 Unde
2552 2096 2757 2170 dicit:
2811 2117 2849 2168 e
2898 2099 3162 2168 lasciar

817 2219 1018 2289 seder
1075 2222 1353 2309 Cesare,
1414 2219 1617 2311 idest,
1684 2218 2230 2311 imperatorem,
2284 2220 2358 2290 in
2420 2220 2494 2288 la
2550 2219 2750 2308 sella,
2815 2237 2982 2310 quae
3052 2222 3161 2290 est

819 2356 1055 2410 vacua
1106 2357 1412 2431 sessore,
1465 2344 1550 2409 ut
1601 2338 1756 2433 Jam
1811 2337 2087 2410 dictum
2141 2344 2271 2430 est,
2326 2343 2400 2410 et
2449 2335 2657 2430 dicit,
2708 2357 2782 2408 se
2839 2336 3006 2407 bene
3053 2337 3161 2407 in-

820 2459 1005 2529 tendi
1053 2448 1160 2529 cio
1208 2460 1327 2529 che
1375 2460 1515 2530 Dio
1568 2461 1618 2531 ti
1681 2464 1896 2530 noea!
1959 2477 2129 2530 cum
2195 2455 2376 2529 dixit
2438 2455 2812 2529 Christus:
2877 2456 3161 2528 Reddite

819 2594 974 2667 quoe
1022 2582 1184 2648 sunl
1235 2580 1538 2649 Coesaris
1595 2580 1887 2667 Caesari,
1940 2583 2004 2649 et
2066 2596 2219 2667 quoe
2281 2583 2442 2648 sunt
2507 2578 2641 2648 Dei
2686 2579 2892 2666 Deo;
2943 2572 3153 2667 quasi

816 2695 1054 2770 dicat:
1109 2695 1165 2768 si
1219 2716 1366 2769 non
1419 2696 1525 2770 vis
1574 2696 1785 2772 aliter
1837 2695 2243 2792 intelligere
2293 2702 2368 2768 et
2418 2713 2791 2789 exponere
2838 2692 3015 2766 illud
3047 2692 3158 2766 di-

818 2825 1022 2893 ctum
1052 2809 1125 2910 (²)
1180 2818 1462 2892 Christi.
1517 2818 1605 2891 Et
1653 2817 1769 2891 hic
1820 2824 2017 2912 nota,
2055 2824 2138 2889 ut
2171 2817 2438 2910 videaS,
2477 2816 2673 2910 quod
2723 2821 2936 2911 poeta
2961 2816 3161 2910 juste

817 2938 1145 3031 increpat
1195 2938 1661 3032 prohibentes
1721 2938 2243 3031 imperatorem
2308 2956 2469 3011 esse
2532 2935 2605 3008 in
2671 2935 2908 3028 Italia3
2962 2934 3160 3028 quod

818 3059 891 3132 in
941 3058 1394 3133 MCCXCVIII
1443 3059 1785 3132 Albertus
1844 3058 1994 3130 dux
2057 3057 2391 3151 Austriae,
2443 3054 2804 3150 Rodulphi
2854 3054 3160 3129 Caesaris

817 3178 1369 3274 primogenituS,
1421 3185 1801 3272 perempto
1835 3178 2170 3271 Adulpho
2222 3177 2476 3271 electo,
2529 3176 2603 3249 in
2653 3176 2936 3270 proelio,
2991 3194 3159 3248 suc—

817 3298 1030 3373 cessit
1081 3298 1182 3370 illi
1230 3297 1304 3370 in
1357 3317 1618 3393 regn03
1673 3297 1799 3391 qui
1849 3317 2044 3371 anno
2096 3296 2430 3390 sequenti
2484 3296 2677 3370 misit
2739 3297 3016 3393 legatos
3066 3294 3158 3369 ad

819 3416 1296 3510 Bonifacium,
1333 3416 1742 3512 s1gnificans
1776 3437 1858 3490 se
1892 3415 2080 3490 velle
2131 3415 2386 3490 venire
2418 3416 2511 3488 ad
2562 3415 2811 3489 sedem
2863 3421 3157 3510 aposto-

819 3537 1056 3632 licam,
1110 3542 1584 3632 suscepturus
1634 3536 1726 3611 de
1777 3557 1990 3611 more
2048 3555 2420 3610 coronam.
2474 3535 2752 3621 Quibus
2803 3556 2989 3631 papa
3040 3555 3161 3610 re-

817 3656 1121 3755 spondit,
1183 3657 1380 3750 quod
1449 3657 1791 3732 Albertus
1856 3677 2004 3730 non
2081 3662 2241 3731 erat
2318 3656 2596 3730 electus
2671 3656 3021 3752 legitime,
3085 3661 3161 3730 et

817 3778 1015 3874 quod
1066 3784 1226 3852 erat
1276 3776 1611 3874 indignus
1663 3777 1994 3872 imperio,
2038 3776 2164 3870 qui
2211 3775 2564 3849 adversus
2617 3794 2871 3870 regem
2923 3774 3162 3849 domi-

819 3921 996 3974 num
1034 3921 1254 3973 suum
1291 3899 1566 3974 bellum
1603 3898 1954 3972 iniustum
2004 3901 2362 3990 moverat,
2399 3902 2470 3969 et
2518 3896 2914 3991 proditorie
2949 3897 3153 3969 illum

816 4021 1199 4096 occiderat.
1253 4020 1340 4092 Et
1389 4019 1648 4094 sedens
1697 4028 2031 4094 armatus
2094 4016 2168 4089 in
2236 4015 2438 4109 solio,
2493 4022 2565 4089 et
2616 4036 2791 4090 ense
2852 4017 3158 4111 cinctuS,

816 4146 889 4216 et
939 4141 1215 4216 habens
1265 4138 1339 4213 in
1389 4140 1624 4234 capite
1675 4137 2053 4233 imperiale
2113 4136 2470 4228 diadema,
2526 4141 2932 4230 tenensque
2997 4157 3159 4210 ma-

817 4282 995 4333 num
1050 4262 1141 4335 ad
1192 4262 1536 4355 capulum
1590 4260 1781 4335 ensis
1815 4259 2051 4353 cincti,
2088 4256 2312 4330 dixit:
2357 4258 2613 4331 Nonne
2664 4277 2804 4353 ego
2856 4279 3154 4353 possum

818 4380 1100 4475 imperii
1144 4381 1319 4475 jura
1388 4380 1641 4454 tueri?
1710 4381 1864 4475 Ego
1933 4399 2097 4451 sum
2165 4378 2428 4452 Caesar.
2495 4377 2757 4451 Postea
2821 4384 2985 4451 orta
3049 4376 3158 4451 di-

941 4644 996 4706 (¹)
1029 4644 1090 4694 E.
1124 4643 1248 4694 dicit
1278 4643 1550 4695 Bachonus
1582 4644 1646 4694 de
1680 4643 1923 4693 romanis.
2111 4640 2166 4703 (¹)
2199 4642 2260 4692 B.
2294 4641 2492 4693 dictum
2524 4641 2732 4692 Domini
2763 4641 2888 4691 Jesu
2920 4639 3126 4691 Christi.
