3704 5559
1139 518 1417 572 CANTUS
1469 520 1781 575 uncinus
1832 521 2200 575 sssp'ruuus.
2698 514 2832 578 461

496 674 613 740 tus
664 666 754 738 sit
804 685 849 738 a
900 661 1265 757 profundo
1317 683 1576 736 somno
1628 685 1760 758 per
1812 685 2037 738 unam
2082 665 2398 740 nobilem
2453 688 2843 762 compara-

493 788 801 879 tionem3
855 790 928 859 et
980 784 1141 856 vult
1189 784 1713 858 sententialiter
1763 785 2028 879 dicere,
2083 787 2279 879 quod
2331 787 2591 863 accidit
2641 808 2839 862 nunc

493 906 626 982 sibi
677 906 865 979 sicut
914 902 1304 977 dormienti
1358 903 1502 978 fixe
1565 904 1639 977 in
1698 925 2019 999 camera,
2075 906 2224 1000 qui,
2278 908 2840 1003 superveniente

493 1026 661 1101 forti
712 1024 1099 1121 splendore
1147 1024 1316 1097 solis
1366 1044 1498 1120 per
1550 1025 1970 1120 fenestram,
2009 1032 2083 1101 et
2124 1027 2580 1121 percutiente
2619 1028 2694 1101 in
2728 1027 2839 1102 fa-

493 1147 680 1223 ciem
734 1166 970 1240 suam,
1022 1145 1263 1219 subito
1315 1145 1680 1220 excitatur
1729 1152 1927 1221 totus
1980 1146 2280 1221 territus
2309 1142 2424 1241 (¹),
2478 1148 2576 1222 ita
2644 1168 2838 1222 nunc

495 1268 625 1340 lux
674 1266 913 1361 angeli
967 1265 1366 1340 vehemens
1417 1265 1761 1340 excitavit
1814 1266 2055 1360 ipsum
2121 1265 2611 1341 dormientem
2663 1287 2837 1341 cum

493 1395 802 1461 terrore.
867 1386 1048 1460 Dicit
1111 1405 1331 1480 ergo:
1409 1388 1613 1458 Come
1660 1389 1724 1457 si
1775 1391 2062 1479 franye,
2127 1385 2333 1480 idest,
2393 1386 2836 1480 dissolvitur,

489 1512 546 1583 il
587 1527 840 1597 sonno,
874 1527 1001 1578 ove
1035 1506 1109 1577 di
1140 1506 1348 1595 hotto,
1399 1503 1604 1599 idest,
1642 1504 1907 1599 subito,
1940 1524 2176 1578 nuova
2210 1509 2380 1597 luce,
2426 1505 2687 1603 fugans
2723 1512 2837 1580 te-

491 1628 822 1721 nebram,
863 1633 1204 1719 perc-uota
1235 1628 1291 1697 il
1320 1628 1468 1697 viso
1501 1627 1760 1717 chime,
1798 1626 2003 1720 idest,
2042 1626 2471 1700 reverberet
2521 1625 2595 1698 in
2649 1646 2832 1699 ocu-

490 1749 601 1823 los
650 1749 936 1822 clausos
969 1767 1014 1820 a
1048 1766 1330 1840 somno,
1367 1747 1486 1817 che
1511 1749 1760 1839 fratlo,
1799 1746 2002 1840 idest,
2041 1746 2164 1840 qui
2203 1766 2506 1821 somnus
2550 1753 2831 1842 ruptus,

489 1874 777 1961 yuizza,
827 1866 1028 1962 idest,
1084 1867 1439 1959 vibratur,
1484 1870 1655 1957 pria
1717 1869 1835 1940 che
1892 1869 2128 1939 muoia
2188 1874 2379 1959 tutte,
2433 1867 2638 1962 idest,
2699 1889 2835 1942 an-

491 1997 791 2084 tequam
828 1988 1188 2062 moriatur
1222 1986 1292 2060 in
1333 1992 1609 2081 totum3
1647 1979 1814 2079 cosi,
1849 2007 1895 2060 a
1930 1987 2167 2081 simili,
2214 1991 2631 2080 l’imaqinar
2664 1991 2832 2080 mie,

491 2109 693 2202 idest,
749 2107 1170 2203 imaginatio
1221 2113 1294 2181 et
1345 2106 1737 2181 abstractio
1797 2105 2004 2179 fortis
2064 2106 2157 2180 ad
2209 2101 2513 2181 modum
2565 2107 2830 2200 somni,

490 2230 711 2303 cadde
755 2230 981 2317 yiuSO,
1033 2226 1236 2319 idest,
1288 2226 1573 2319 defecit,
1625 2233 1800 2298 costo
1850 2228 1970 2298 che
2021 2229 2224 2317 lume,
2260 2225 2553 2321 scilicet,
2602 2246 2834 2323 ange-

488 2348 735 2441 licum,
786 2350 841 2420 il
885 2350 1068 2420 vollo
1118 2349 1215 2418 mi
1251 2367 1605 2439 percosse,
1655 2345 1935 2439 lumen,
2003 2345 2187 2439 dico,
2247 2350 2576 2438 mayyior
2640 2350 2836 2419 assai

486 2471 604 2543 che
653 2470 874 2560 quello
925 2462 1084 2540 ch’e*
1127 2469 1202 2539 in
1251 2473 1496 2539 nostro
1545 2487 1697 2557 uso,
1751 2466 1972 2559 quale
2022 2472 2131 2541 est
2183 2468 2438 2540 lumen
2483 2466 2674 2559 soliS,
2712 2465 2827 2539 vel

487 2586 1008 2683 quodcumque
1057 2586 1314 2660 lumen
1365 2591 1743 2678 nostrum3
1778 2585 1953 2678 quia
1992 2585 2299 2682 angelus
2342 2586 2536 2660 lucet
2589 2587 2830 2678 splen-

485 2708 718 2785 didius
768 2706 969 2781 omni
1019 2705 1187 2779 luce
1237 2704 1631 2781 mundana.
1662 2745 1762 2758 —
1785 2710 1888 2777 Ιο.
1925 2705 2055 2779 Hic
2098 2711 2336 2802 poeta,
2380 2711 2671 2781 ostenso
2708 2704 2827 2777 lu-

486 2830 686 2903 mine
733 2827 969 2925 angeli
1024 2847 1173 2920 quo
1223 2825 1358 2900 fuit
1408 2826 1792 2921 excitatus,
1828 2825 2141 2901 ostendit
2186 2846 2443 2901 vocem
2497 2825 2824 2900 eiusdem

486 2969 634 3044 qua
685 2946 820 3021 suit
877 2945 1222 3020 invitatus
1280 2946 1374 3020 ad
1434 2967 1703 3021 novam
1763 2946 2173 3020 materiam.
2236 2946 2439 3020 Unde
2487 2944 2690 3019 dicit:
2747 2949 2829 3016 10

484 3072 583 3144 mi
629 3070 903 3159 volyea,
937 3072 1319 3161 tamquam
1352 3067 1725 3160 attonitus,
1770 3087 1905 3158 per
1939 3068 2149 3139 veder-
2181 3069 2376 3140 ov’io
2405 3070 2617 3160 fosse,
2655 3063 2826 3159 quia

483 3188 897 3265 nesciebam
950 3208 1072 3263 me
1138 3208 1300 3263 esse
1349 3186 1424 3260 in
1490 3187 1635 3261 fine
1696 3186 1891 3261 tertii
1954 3185 2208 3261 circuli
2272 3186 2826 3280 iracundorum,

483 3312 765 3402 quando
814 3329 961 3383 una
1010 3329 1198 3400 voce,
1251 3308 1546 3401 scilicet,
1599 3307 1954 3404 angelica,
2010 3307 2280 3401 suaviS,
2332 3328 2483 3382 non
2532 3307 2830 3382 terribi-

483 3429 566 3503 lis
617 3427 803 3502 sicut
853 3448 999 3504 vox
1056 3427 1399 3520 Laviniae,
1452 3430 1676 3501 disse.-
1742 3432 1862 3519 qui
1920 3431 1983 3499 sn·
2048 3435 2287 3502 monta
2304 3454 2336 3521 ,·
2388 3427 2681 3521 scilicet,
2732 3427 2827 3501 ad

481 3554 830 3644 quartum
881 3547 1197 3646 gradum
1248 3547 1806 3642 accidiosorum,
1840 3550 1962 3621 che
1993 3551 2091 3622 da
2124 3551 2295 3641 oym‘
2343 3552 2529 3622 altro
2563 3551 2822 3622 intento

478 3672 577 3743 mi
620 3673 940 3762 rimosse,
992 3668 1197 3765 idest,
1250 3689 1420 3763 quae
1471 3689 1615 3744 vox
1668 3668 1984 3743 removit
2036 3688 2158 3742 me
2212 3669 2511 3742 omnino
2562 3690 2606 3741 a
2663 3689 2826 3741 ma-

481 3789 666 3864 teria
716 3789 847 3863 irae
897 3787 1099 3884 prius
1147 3788 1425 3865 intenta
1451 3780 1554 3883 (³⁸),
1606 3795 1681 3863 et
1729 3787 2081 3881 disposuit
2141 3786 2237 3862 ad
2303 3786 2522 3861 aliam
2590 3797 2826 3863 mate-

480 3909 689 3984 riam.
742 3910 833 3983 Et
881 3907 1122 3983 subdit
1172 3909 1545 4004 quomodo
1595 3927 1689 3983 ex
1734 3927 1919 3983 voce
1952 3905 2187 3980 factus
2222 3912 2333 3981 est
2366 3907 2827 3983 avidissimus

482 4027 768 4104 videndi
826 4029 1280 4124 loquentem,
1351 4028 1412 4103 si
1470 4028 1659 4104 forte
1717 4027 1940 4123 possit
1968 4016 2041 4118 (³)
2110 4046 2557 4122 cognoscere
2625 4048 2823 4102 eum.

480 4148 686 4225 Unde
734 4149 946 4224 dicit:
1000 4170 1038 4221 e
1080 4153 1227 4244 fece
1276 4152 1349 4222 la
1399 4151 1544 4222 mia
1593 4151 1829 4239 voylia
1880 4153 2073 4220 tanto
2116 4154 2408 4240 proma,
2454 4146 2633 4242 quia
2683 4167 2826 4223 vox

480 4291 628 4345 non
677 4270 982 4345 sonabat
1031 4269 1380 4364 humana,
1432 4272 1508 4343 di
1553 4270 1952 4360 riyuardar
1985 4270 2095 4342 chi
2125 4288 2255 4341 era
2304 4270 2424 4342 che
2461 4271 2780 4362 parlava
2796 4295 2829 4363 ‚-

478 4389 651 4485 quia
687 4389 875 4465 sicut
908 4390 1165 4465 lumen
1199 4389 1439 4487 angeli
1477 4395 1897 4465 excesserat
1922 4409 2144 4464 omne
2169 4389 2425 4465 lumen
2461 4396 2822 4484 nostrum,

600 4659 653 4722 (¹)
686 4657 748 4707 E.
782 4655 1076 4707 exterritus.
1326 4655 1380 4718 (¹)
1418 4660 1522 4716 117,
1559 4657 1811 4707 inchoata.
2063 4652 2117 4716 (⁹)
2152 4659 2259 4716 117,
2294 4659 2480 4719 posset.
