3704 5559
1137 536 1414 591 CAN'rus
1462 537 1776 591 DEcnuth
1825 536 2160 602 Qum'rus.
2670 528 2810 595 419

467 685 781 760 milliare
833 704 1007 758 cum
1060 682 1376 777 dimidio,
1431 683 1604 777 quia
1669 684 1883 757 leuca
1936 682 2426 757 communiter
2491 684 2811 760 continet

467 806 607 879 tria
657 803 1016 898 milliaria,
1070 806 1367 877 velando
1413 806 1516 894 qli
1563 805 1776 896 occlai,
1830 823 2017 897 quos
2077 823 2225 876 non
2289 810 2494 897 potes
2560 812 2816 880 tenere

468 926 507 970 *
525 933 841 1022 apertoS,
869 948 907 997 e
943 945 1073 997 con
1100 928 1162 997 le
1184 925 1435 1015 yambe
1467 927 1764 1015 avvolle,
1793 944 1962 1017 quae
1988 944 2138 997 non
2163 931 2368 1017 potes
2403 930 2658 1000 tenere
2677 925 2717 967 *
2734 918 2809 1017 (⁴)

471 1054 712 1139 recta3
780 1052 854 1119 et
914 1044 1117 1120 dicit:
1171 1066 1220 1116 a
1265 1048 1472 1135 qui-sa
1522 1047 1596 1117 di
1644 1047 1757 1116 cui
1806 1047 1970 1116 vino
2020 1064 2064 1115 o
2113 1065 2338 1116 sonno
2388 1048 2632 1136 pieqa,
2684 1045 2812 1138 qui

475 1187 620 1242 non
673 1166 863 1241 valet
912 1185 994 1241 se
1044 1165 1474 1239 substinere.
1515 1166 1602 1237 Et
1653 1164 1852 1258 ponit
1880 1155 1955 1256 (²)
1997 1163 2546 1257 responsionem
2599 1185 2815 1239 suam

473 1286 568 1361 ad
619 1286 1024 1382 Virgilium,
1076 1284 1357 1358 dicens:
1410 1286 1704 1357 diss’io:
1755 1303 1799 1354 o
1864 1286 2058 1356 dolce
2108 1287 2340 1375 padre
2400 1287 2565 1376 mic,
2615 1305 2691 1357 se
2748 1292 2819 1357 tu

475 1408 565 1478 m’
592 1408 872 1495 ascolte,
905 1408 976 1476 io
1027 1408 1078 1477 ci
1125 1398 1286 1477 diro
1335 1396 1443 1476 οἱὸ
1493 1406 1612 1476 che
1660 1405 1751 1474 m'
1778 1424 2123 1495 apparve,
2157 1403 2229 1476 in
2266 1403 2545 1478 visione
2587 1424 2815 1497 quam

475 1524 634 1619 feci,
688 1526 972 1615 quando
1022 1527 1083 1597 le
1129 1525 1379 1614 yambe
1430 1525 1526 1595 mi
1568 1527 1788 1616 steron
1841 1516 1904 1595 si
1967 1526 2146 1614 tolle,
2198 1522 2387 1596 sicut
2446 1529 2526 1597 tu
2592 1523 2819 1617 videa,

477 1646 649 1741 quia
697 1644 908 1720 amisi
943 1663 1201 1718 omnes
1236 1643 1430 1717 vires
1462 1642 1789 1738 corporis
1825 1663 1918 1716 ex
1956 1663 2223 1739 magna
2263 1643 2821 1738 perturbatione

474 1766 720 1840 animi.
775 1765 861 1838 Et
911 1764 1028 1839 bic
1076 1770 1249 1839 nota
1300 1763 1500 1857 quod
1549 1769 1765 1858 poeta
1817 1768 2066 1837 noster
2121 1763 2481 1838 subtiliter
2541 1764 2711 1838 fecit
2741 1753 2816 1855 (³)

475 1885 690 1959 istam
742 1884 1157 1958 fictionem:
1215 1883 1418 1980 fingit
1469 1882 1664 1957 enim
1717 1903 1797 1957 se
1848 1883 1949 1956 ita
2000 1883 2274 1957 fessum
2317 1890 2391 1957 et
2436 1883 2817 1980 fatigatum

473 2004 609 2078 ista
661 2003 962 2098 visione,
1015 2025 1164 2097 qua
1227 2003 1538 2078 debebat
1598 2003 1836 2098 potius
1896 2022 2056 2077 esse
2121 2003 2496 2100 vigoratus
2561 2010 2819 2079 contra

475 2124 832 2218 impetum
886 2123 1038 2217 irae,
1092 2130 1177 2197 ut
1225 2143 1357 2218 per
1408 2125 1546 2209 hoc
1597 2123 1719 2197 det
1750 2112 1821 2216 (⁴)
1878 2123 2200 2218 intelligi,
2245 2123 2443 2216 quod
2489 2123 2597 2197 ira
2649 2143 2820 2217 quae

477 2250 590 2317 est
627 2243 986 2338 appetitus
1020 2242 1377 2336 vindictae,
1413 2249 1523 2318 est
1556 2243 1654 2317 ita
1692 2243 2044 2317 naturalis
2088 2242 2388 2337 homini,
2431 2243 2630 2337 quod
2669 2243 2821 2318 Ho-

477 2382 733 2438 merus
783 2362 983 2458 dixit,
1035 2363 1235 2457 quod
1284 2362 1392 2436 ira
1445 2372 1555 2439 est
1604 2362 1887 2436 dulcior
1938 2362 2156 2437 melle
2206 2362 2612 2437 distillante.
2666 2363 2821 2436 Du-

481 2483 849 2557 rissimum
905 2505 1087 2581 ergo
1125 2482 1510 2559 videbatur
1549 2483 1682 2556 sibi
1718 2482 2070 2577 quidquid
2106 2481 2385 2556 viderat
2419 2481 2493 2554 in
2527 2482 2819 2558 fictione

480 2604 622 2700 illa,
688 2605 980 2699 scilicet,
1047 2604 1246 2698 quod
1312 2603 1615 2677 deberet
1674 2622 1886 2677 more
1947 2601 2193 2676 Mariae
2254 2621 2335 2674 se
2392 2602 2668 2676 babere
2725 2602 2820 2676 ad

481 2724 736 2819 filium,
789 2723 1082 2818 quando
1133 2728 1321 2799 esset
1370 2726 1813 2818 provocatus
1875 2720 1969 2795 ad
2029 2720 2256 2814 iram3
2310 2726 2384 2794 et
2444 2720 2641 2814 quod
2690 2719 2822 2796 de-

480 2845 692 2919 beret
732 2863 943 2917 more
984 2841 1330 2920 Pisistrati
1367 2841 1744 2917 remittere
1783 2840 2127 2914 iniuriam
2164 2840 2432 2913 factam
2483 2839 2557 2913 in
2599 2838 2820 2914 filiam

480 2985 732 3058 suam;
784 2970 857 3038 et
907 2963 1106 3057 quod
1154 2979 1365 3039 more
1414 2961 1758 3057 Stephani
1791 2960 2095 3035 deberet
2135 2980 2442 3054 parcere
2485 2960 2823 3035 dantibus

480 3084 615 3159 sibi
661 3083 1030 3159 innocenti
1082 3089 1424 3175 mortem,
1477 3082 1649 3176 quia
1700 3081 2114 3176 increparet
2163 3080 2323 3153 illos
2347 3080 2570 3175 Juste.
2608 3081 2827 3157 Certe

482 3202 864 3279 videbatur
914 3202 1049 3276 sibi
1098 3201 1456 3277 difficilius
1492 3220 1799 3296 parcere
1838 3199 2256 3294 offendenti,
2293 3219 2520 3293 quam
2563 3220 2827 3295 super·-

483 3324 613 3398 bos
662 3322 1054 3418 humiliari,
1105 3330 1179 3398 et
1228 3321 1473 3397 invido
1533 3320 1889 3395 misereri.
1959 3320 2119 3415 lpse
2178 3320 2375 3394 enim
2434 3320 2830 3414 aliquando

480 3443 931 3538 appetiverat
980 3440 1395 3534 vindictam,
1449 3440 1649 3535 quod
1697 3439 2026 3514 maxime
2087 3439 2364 3513 faciunt
2422 3440 2829 3535 florentini,

483 3569 557 3639 et
607 3583 785 3640 vere
835 3563 935 3638 ita
986 3561 1277 3638 videtur
1325 3560 1617 3635 difficile
1667 3560 1943 3634 homini
2001 3580 2330 3655 parcere,
2363 3560 2560 3652 quod
2613 3559 2825 3634 multi

484 3682 853 3758 constituti
902 3682 977 3756 in
1026 3682 1337 3757 articulo
1388 3681 1665 3776 mortis,
1702 3700 1877 3755 cum
1928 3679 2004 3753 in
2047 3678 2330 3753 caeteris
2365 3685 2608 3752 essent
2640 3679 2832 3754 bene

484 3801 830 3897 dispositi,
881 3802 1080 3875 nulla
1129 3801 1412 3877 ratione
1445 3801 1581 3875 vel
1629 3798 2105 3897 persuasione
2163 3805 2564 3893 potuerunt
2624 3796 2832 3872 incli-

488 3922 648 3998 nari
699 3921 793 3997 ad
843 3920 1317 4017 parcendum.
1361 3920 1477 3993 Sic
1530 3940 1711 4015 ergo
1752 3919 1918 3995 vide
1952 3917 2150 4012 quod
2191 3917 2384 3993 istud
2424 3916 2824 4011 capitulum

486 4049 597 4117 est
646 4041 860 4117 valde
907 4039 1174 4116 subtile
1231 4039 1306 4114 in
1363 4039 1612 4114 multis
1676 4039 2009 4134 passibus
2073 4036 2244 4111 suis.
2275 4076 2375 4090 —
2400 4040 2492 4109 Et
2547 4037 2629 4109 ci.
2699 4035 2831 4111 Hic

487 4163 704 4256 poeta
736 4160 941 4256 ponit
977 4158 1519 4254 responsionem
1555 4158 1828 4255 Virgilii
1865 4158 1958 4233 ad
1998 4177 2103 4251 se,
2138 4157 2265 4250 qui
2299 4155 2468 4231 dicit
2504 4175 2584 4230 se
2618 4175 2831 4231 nosse

486 4279 875 4355 intrinseca
923 4285 1210 4355 secreta
1257 4276 1497 4353 cordis
1546 4277 1726 4353 eius.
1764 4276 1949 4352 Dicit
1999 4295 2215 4373 ergo:
2271 4281 2362 4349 Et
2405 4277 2494 4368 ei,
2543 4276 2828 4372 supple,

607 4506 771 4570 (¹)1ae
801 4506 982 4571 parole
1012 4507 1094 4560 st·
1125 4507 1277 4560 idue
1310 4507 1577 4559 ateriocbi
1608 4521 1736 4559 sono
1702 4506 1967 4571 odegua
1939 4506 2057 4557 altri
2087 4505 2278 4557 Codici.

609 4581 1521 4648 (¹.)Bl3rtponltnstlonemunm.
1836 4582 2207 4648 (’,)¹1'1raclt·

608 4661 758 4725 ΗΒ.
790 4660 1210 4728 «10.me
