3704 5559
798 452 946 518 108
1526 464 1936 519 coMENTUM
1985 463 2423 518 PURGATonn

804 609 969 683 licet
1020 612 1323 704 sepulta,
1378 610 1551 704 quia
1603 630 1749 683 non
1798 609 2079 683 abiecta
2135 609 2456 702 fuissent,
2493 612 2568 680 in
2612 610 2714 680 co’
2757 610 2872 681 del
2906 614 3143 700 ponte,

803 729 1121 803 fluminis
1185 730 1381 824 quod
1448 730 1709 804 dicitur
1774 730 2009 824 Calor⁷
2068 749 2317 821 presso
2398 750 2446 800 a
2509 734 2940 821 Benevenl05
2993 731 3148 802 haec

806 849 1056 924 civitas
1107 850 1380 924 Samnii
1432 851 1603 924 olim
1658 857 1917 923 vocata
1983 855 2091 922 est
2155 848 2668 939 Maleventum,
2721 847 2849 921 sed
2901 855 3148 943 postea

807 990 938 1065 per
990 990 1335 1045 romanos
1365 964 1436 1062 (¹)
1507 976 1792 1044 mutato
1854 970 2152 1075 nom-ine
2202 968 2389 1042 dicta
2458 975 2568 1042 est
2619 969 3148 1062 Beneventum,

811 1097 896 1163 ut
953 1091 1125 1164 dicit
1192 1091 1485 1184 Livius3
1540 1099 1614 1165 et
1673 1091 1888 1165 dicit:
1949 1098 2126 1163 sollo
2186 1094 2258 1162 la
2322 1092 2634 1180 ⁴quardia
2699 1091 2883 1162 della
2933 1110 3157 1179 yrave

810 1231 1035 1282 mora.
1081 1210 1159 1283 In
1194 1212 1335 1286 hoc
1369 1212 1601 1308 tangit
1637 1211 1983 1285 miseram
2022 1211 2477 1304 sepulturam
2515 1231 2750 1282 suam.
2794 1209 2900 1282 Ad
2942 1209 3154 1282 cuius

811 1330 1381 1428 intelligentiam,
1443 1333 1612 1426 quia
1677 1333 1888 1406 litera
1958 1332 2092 1405 ista
2162 1338 2273 1405 est
2336 1332 2530 1405 male
2596 1330 2983 1423 intellecta,
3044 1335 3154 1402 est

811 1451 1210 1545 sciendum,
1264 1451 1461 1546 quod
1511 1452 1924 1526 Mansredus
1971 1451 2044 1524 in
2101 1450 2357 1523 ultimo
2408 1450 2668 1544 proelio
2703 1449 2896 1543 quod
2933 1448 3154 1544 gessit

808 1590 984 1643 cum
1037 1572 1297 1646 Carolo
1349 1572 1541 1667 apud
1592 1574 2123 1665 Beneventum,
2160 1571 2491 1645 desertus
2540 1576 2612 1644 et
2664 1570 3054 1644 derelictus
3103 1591 3147 1643 a

812 1692 961 1767 suis
1002 1691 1298 1788 ingessit
1349 1715 1435 1768 se
1479 1694 1551 1766 in
1606 1693 1933 1767 medium
1989 1692 2318 1766 furorem
2356 1692 2547 1784 belli,
2581 1692 2775 1766 sicut
2809 1691 3155 1784 scriptum

810 1819 919 1889 est
968 1813 1233 1887 Inferni
1286 1814 1603 1908 capitulo
1655 1814 1963 1886 XXVIII.
2009 1812 2111 1886 Ibi
2144 1805 2215 1904 (²)
2257 1833 2591 1909 pugnans
2627 1811 2950 1906 probiter
2987 1831 3159 1904 pro-

812 1940 1082 2008 stratus
1123 1935 1279 2028 suit,
1315 1935 1666 2028 quaesitus
1717 1935 1952 2008 tribus
2007 1933 2263 2007 diebus
2314 1953 2451 2007 nec
2501 1938 2790 2026 poterat
2825 1931 3155 2025 inveniri,

813 2054 984 2149 quia
1038 2054 1440 2128 intraverat
1478 2054 1723 2127 'aciem
1781 2055 1936 2128 sine
2000 2053 2325 2149 insigniis
2377 2052 2786 2148 regalibus3
2842 2072 2977 2126 nec
3027 2072 3159 2145 po-

813 2179 1005 2248 terat
1053 2172 1219 2246 sciri
1269 2173 1327 2245 si
1378 2180 1570 2247 esset
1621 2180 1961 2247 mortuus
2013 2174 2128 2248 vel
2180 2180 2458 2267 captus,
2499 2178 2632 2246 aut
2681 2173 2739 2244 si
2800 2177 3156 2247 evaserat.

813 2293 1135 2367 Tandem
1189 2312 1386 2393 unus
1454 2292 1774 2366 ribaldus
1834 2293 1927 2367 de
1987 2314 2120 2367 sua
2184 2298 2405 2388 gente
2468 2292 2811 2387 cognovit
2851 2282 2924 2383 (³)
2980 2312 3152 2365 eum

814 2435 947 2510 per
1000 2414 1230 2487 multa
1281 2414 1486 2508 signa
1539 2414 1863 2508 corporis
1914 2415 2027 2487 sui
2063 2414 2137 2487 in
2173 2413 2414 2487 medio
2449 2413 2712 2507 campi,
2755 2412 2879 2485 ubi
2919 2413 3158 2486 suerat

813 2534 1058 2609 acrius
1108 2532 1501 2627 proelium3
1555 2539 1629 2606 et
1677 2554 1954 2628 ponens
2008 2533 2248 2607 nobile
2298 2553 2565 2628 corpus
2617 2553 2748 2628 per
2783 2539 3157 2606 transver-

814 2675 978 2726 sum
1034 2652 1252 2725 unius
1302 2651 1505 2744 asini,
1578 2652 1917 2727 veniebat
1979 2653 2362 2727 clamando
2431 2673 2602 2726 cum
2673 2651 3154 2727 exultatione:

813 2773 873 2847 Ο
925 2793 1063 2870 ego
1127 2771 1373 2846 inveni
1431 2771 1937 2867 Mansredum3
1990 2772 2116 2847 sed
2184 2795 2378 2847 unus
2437 2773 2616 2847 baro
2688 2772 2924 2848 Caroli
2977 2770 3160 2844 indi-

812 2914 1045 2990 gnans
1078 2881 1150 2985 (⁴)
1203 2893 1560 2987 percussit
1610 2913 1783 2967 eum
1841 2894 2054 2988 suste,
2109 2901 2182 2967 et
2223 2915 2489 2988 corpus
2525 2893 2990 2988 praesentavit
3023 2893 3160 2966 Ca-

814 3014 995 3088 rolo.
1067 3013 1372 3088 Carolus
1439 3014 1787 3088 continuo
1859 3014 2129 3089 faciens
2198 3015 2445 3088 vocari
2515 3034 2773 3088 omnes
2849 3013 3159 3087 barones

815 3140 1065 3228 captos
1116 3133 1367 3228 petivit
1416 3132 1475 3206 si
1527 3133 1701 3206 illud
1754 3141 1915 3208 erat
1965 3155 2233 3228 corpus
2282 3134 2666 3209 Manfredi:
2722 3134 2849 3228 qui
2901 3153 3156 3206 omnes

813 3253 1063 3327 timide
1106 3237 1641 3346 respondebant
1690 3254 1888 3346 quod
1938 3254 2078 3348 sic3
2133 3254 2257 3328 sed
2310 3259 2566 3349 potens
2602 3275 2719 3329 res
2754 3260 2864 3328 est
2897 3273 3149 3347 amor3

812 3395 961 3447 non
1013 3373 1220 3446 timet
1278 3379 1668 3467 conspectu
1736 3374 1930 3470 regis
1992 3374 2308 3467 victoriS‚
2368 3395 2517 3448 non
2579 3397 2790 3450 arma
2842 3374 3154 3447 militum

813 3492 1161 3585 victricia,
1216 3513 1362 3566 non
1427 3493 1886 3588 supplicium,
1947 3516 2092 3569 non
2157 3516 2559 3590 carcerem,
2612 3517 2760 3570 non
2813 3502 3153 3570 mortem.

810 3614 994 3688 Nam
1048 3633 1296 3687 comes
1346 3613 1708 3688 Jordanus
1757 3615 2010 3689 videns
2060 3636 2329 3709 corpus
2378 3616 2603 3690 amati
2649 3616 2843 3711 regis
2877 3616 3150 3691 factum

813 3733 1128 3808 fortunae
1167 3733 1589 3827 ludibrium,
1628 3735 1969 3808 manibus
2004 3736 2361 3830 percussit
2407 3736 2537 3809 sibi
2580 3735 2865 3830 faciem,
2903 3742 2979 3810 et
3010 3737 3162 3810 cla-

811 3876 1023 3930 mans
1074 3874 1247 3928 cum
1300 3855 1593 3949 planctu
1644 3854 1854 3928 dixit:
1908 3856 2069 3929 Heu
2104 3856 2304 3951 mihi,
2340 3856 2637 3931 domine
2674 3857 2805 3929 mi!
2841 3857 3017 3951 quid
3053 3863 3164 3931 est

813 3974 1011 4069 quod
1062 3974 1321 4049 video?
1371 3975 1479 4047 Ex
1515 3995 1665 4068 quo
1699 3974 1833 4048 suit
1871 3975 2081 4049 valde
2122 3977 2461 4051 laudatus
2495 3998 2539 4049 a
2579 3976 2925 4050 militibus
2961 3977 3161 4051 fran-

811 4094 914 4168 cis
955 4086 1053 4184 (⁵).
1091 4093 1220 4167 Hic
1273 4093 1634 4167 Jordanus
1685 4094 1822 4167 fuit
1875 4095 1986 4168 vir
2037 4095 2295 4170 nobilis
2353 4097 2446 4171 de
2503 4096 3058 4170 Pedemontium
3090 4086 3165 4189 (Β)

810 4212 884 4286 in
934 4212 1396 4306 Lombardia,
1432 4214 1670 4288 affinis
1705 4214 2076 4308 Mant'redi‚
2112 4224 2458 4311 acceptus
2492 4223 2566 4291 et
2600 4237 2818 4291 carus
2860 4217 2993 4292 sibi
3030 4238 3166 4291 sua

811 4332 1169 4427 probitate
1220 4340 1295 4407 et
1346 4333 1708 4409 fidelitate.
1763 4335 1936 4409 Ideo
1987 4336 2402 4411 Manfredus
2453 4339 2729 4413 fecerat
2776 4340 2982 4413 illum
3035 4360 3163 4415 co-

935 4517 991 4581 (¹)
1024 4518 1084 4568 Ε.
1118 4531 1211 4581 per
1242 4520 1485 4571 rationes.
1673 4522 1727 4584 (¹)
1758 4523 1819 4572 E.
1854 4523 1943 4573 ubi
1977 4537 2224 4588 pugnans.
2414 4525 2468 4590 ς’)
2500 4526 2552 4576 S.
2587 4539 2618 4575 e
2650 4526 2711 4575 E.
2746 4527 3064 4590 recognovit.

939 4593 993 4659 (⁸)
1026 4594 1078 4645 S.
1108 4595 1417 4659 indignatus.
1673 4600 1727 4660 (¹)
1760 4600 1822 4650 E.
1854 4601 2105 4652 Francia.
2410 4603 2465 4667 (·)
2495 4603 2557 4655 E.
2593 4603 2949 4655 Pedemontlo.
