3704 5559
1404 496 1682 552 CANTUs
1733 498 2066 552 DEmmUs.
2772 489 2909 556 281

570 651 815 719 tamen
869 646 1056 739 plus,
1107 643 1224 717 alii
1258 636 1329 736 (¹)
1404 643 1647 715 minus
1709 649 2286 736 expectaverunt
2349 642 2560 716 istam
2630 664 2913 740 pacem,

568 773 649 839 ut
701 765 991 840 exirent
1039 765 1132 839 de
1185 767 1344 838 loco
1397 764 1877 838 tenebrarum
1929 763 2021 836 ad
2073 763 2381 859 gloriam
2435 764 2656 839 altam
2711 765 2913 860 coeli,

567 885 765 958 unde
816 885 1022 958 dicit:
1075 886 1195 956 che
1244 904 1493 975 aperse
1541 886 1596 955 il
1639 885 1788 974 ciel,
1837 883 2032 976 quod
2086 883 2289 978 prius
2339 890 2498 958 erat
2550 885 2914 980 clausum,

568 1007 696 1080 dal
740 1026 867 1079 suo
917 1008 1130 1095 lunqo
1181 1007 1488 1096 divieco;
1541 1003 1715 1097 quia
1768 1004 1963 1077 enim
2018 1004 2299 1098 primus
2349 1025 2614 1099 parens
2665 1012 2918 1101 gusta-

571 1126 673 1201 vit
722 1126 814 1199 de
865 1145 1086 1220 pomo
1138 1124 1385 1217 vetito,
1422 1123 1586 1197 ideo
1634 1124 1940 1198 vetitum
1997 1124 2132 1197 fuit
2181 1125 2314 1197 sibi
2367 1131 2441 1199 et
2489 1126 2743 1221 generi
2780 1146 2917 1199 suo

573 1267 667 1321 ne
718 1252 957 1342 posset
1009 1245 1213 1320 exire
1267 1243 1660 1338 infernum,
1697 1250 1773 1319 et
1806 1244 2084 1319 intrare
2117 1246 2389 1319 coelum
2444 1267 2576 1341 per
2630 1253 2916 1320 tantum

572 1373 900 1462 tempus3
952 1368 1245 1439 dinanzi
1291 1388 1339 1438 a
1388 1368 1509 1437 noi
1549 1386 1781 1457 parea
1829 1358 1891 1438 si
1936 1368 2196 1459 vivace,
2240 1367 2356 1440 vel
2407 1388 2680 1460 verace,
2731 1370 2919 1460 quivi

568 1490 957 1578 inlayliatO,
1027 1486 1102 1559 in
1178 1485 1315 1559 isto
1392 1505 1792 1578 marmore,
1841 1487 1918 1557 in
1980 1507 2077 1558 un
2138 1493 2281 1559 atto
2341 1508 2556 1560 soave
2605 1489 2723 1559 che
2773 1507 2917 1560 non

568 1608 945 1697 sembiava,
997 1606 1180 1680 idest
1222 1607 1646 1700 apparebat,
1682 1608 1989 1696 imaqine
2037 1609 2158 1679 clze
2208 1613 2382 1698 tace,
2417 1607 2627 1698 idest,
2673 1607 2820 1704 figu
2831 1628 2912 1681 ra

569 1733 778 1807 muta
842 1727 1123 1819 sculpta
1189 1725 1262 1798 in
1327 1726 1584 1820 lapide,
1644 1725 1771 1799 sed
1829 1726 2071 1819 potius
2137 1727 2338 1820 viva3
2393 1727 2588 1820 quod
2654 1727 2916 1821 probat

569 1865 742 1921 cum
795 1847 1075 1920 subdit:
1140 1849 1421 1937 qiurato
1481 1849 1544 1918 si
1605 1849 1832 1936 saria,
1889 1846 2091 1939 idest,
2149 1846 2389 1940 Jurari
2458 1848 2810 1942 potuisset
2869 1867 2915 1920 a

569 1966 881 2059 vidente,
932 1968 1036 2038 ck'
1064 1968 1129 2038 ei
1173 1968 1430 2038 dices-se
1456 1991 1479 2036 :
1531 1986 1687 2055 ave,
1755 1966 2033 2059 supple,
2089 1969 2332 2038 Maria
2381 1973 2559 2059 eto.;
2615 1974 2687 2040 et
2740 1987 2914 2041 ecce

569 2106 851 2181 quare:
897 2089 1133 2178 perclz'
1159 2089 1280 2176 ivi,
1349 2086 1642 2178 scilicet,
1682 2087 1754 2158 in
1788 2086 1980 2159 dioto
2035 2105 2410 2160 marmore
2455 2106 2549 2160 ex
2583 2087 2912 2180 opposito

569 2208 834 2301 Mariae,
885 2228 1014 2279 era
1064 2210 1453 2297 imayinala
1503 2209 1757 2297 quella,
1805 2206 2076 2279 scilicet
2127 2206 2350 2279 Beata
2401 2206 2648 2303 Virgo,
2700 2210 2917 2281 ck'ad

571 2329 778 2419 aprir
830 2329 1038 2400 l’alto
1089 2347 1323 2417 amor,
1374 2326 1665 2419 scilicet,
1718 2326 2047 2399 divinum
2110 2346 2245 2421 pro
2296 2327 2531 2401 salute
2607 2327 2913 2401 humani

569 2447 885 2544 generiS,
938 2445 1137 2539 quod
1187 2446 1501 2520 habebat
1550 2446 1741 2540 odio,
1796 2450 1982 2518 volse
2041 2449 2101 2518 le
2164 2448 2427 2537 ckiave,
2481 2447 2915 2544 virginitatis

570 2573 645 2642 et
698 2566 1122 2639 humilitatis
1173 2587 1373 2659 suae3
1430 2566 1623 2639 unde
1688 2565 1920 2661 tangit
1981 2565 2465 2638 humilitatem
2529 2566 2772 2638 Mariae
2841 2566 2916 2638 in

569 2706 662 2763 eo
711 2695 877 2762 actu
932 2687 1006 2760 in
1057 2707 1207 2781 quo
1261 2687 1512 2782 recipit
1539 2677 1613 2778 (²)
1668 2685 2209 2778 salutationem,
2264 2685 2544 2759 dicens:
2600 2692 2664 2758 el
2712 2706 2915 2776 avea,

569 2808 774 2904 idest,
829 2808 1103 2882 babere
1154 2807 1564 2900 videbatur,
1615 2810 1690 2879 in
1739 2814 1885 2878 atto
1933 2809 2303 2897 impressa,
2338 2805 2543 2899 idest,
2590 2806 2661 2878 in
2715 2827 2917 2880 mar-

570 2948 805 3024 more,
856 2936 1004 3002 esca
1059 2931 1349 3023 favella,
1409 2928 1715 3002 scilicet:
1785 2933 1958 2999 Eece
2018 2928 2278 2998 aneilla
2347 2929 2504 3016 Dei,
2562 2930 2912 3018 propria-

571 3058 816 3140 mente,
892 3068 937 3121 a
1006 3048 1256 3142 simili,
1335 3069 1526 3121 come
1586 3051 1829 3140 fiqura
1885 3049 1960 3118 in
2019 3066 2188 3118 cera
2246 3048 2310 3116 si
2382 3048 2717 3136 suyyella.
2788 3046 2916 3120 Hic

570 3188 752 3266 ergo
802 3174 1012 3243 actus
1062 3167 1304 3242 Mariae
1356 3167 1569 3241 docet
1628 3166 1984 3262 superbos
2052 3164 2443 3258 humiliari,
2497 3166 2696 3239 unde
2765 3166 2916 3260 ipsa

571 3289 778 3364 dicit:
844 3290 1023 3376 Quia
1070 3290 1380 3379 respexit
1423 3289 1866 3359 humilitatem
1918 3287 2192 3358 ancillae
2256 3305 2404 3357 suoe
2431 3308 2455 3355 .·
2517 3291 2590 3358 et
2642 3284 2912 3357 iterum

565 3408 786 3483 dicit:
839 3410 1174 3500 Deposuit
1218 3414 1528 3499 polentes
1588 3409 1675 3480 de
1737 3408 1898 3479 sede
1949 3412 2015 3478 el
2076 3408 2416 3479 exaltavit
2477 3407 2783 3478 humiles.
2813 3445 2912 3458 —

577 3533 754 3602 Non.
807 3528 935 3602 Hic
1004 3533 1215 3623 poeta
1266 3527 1608 3601 describit
1656 3526 1883 3600 alium
1945 3532 2191 3600 actum
2265 3525 2608 3599 maximae
2670 3526 2918 3599 humi-

567 3648 788 3723 litatis
838 3667 1007 3742 quae
1058 3647 1191 3721 fuit
1239 3647 1315 3720 in
1366 3647 1978 3722 excellentissimo
2016 3666 2190 3742 rege
2231 3645 2499 3720 David:
2554 3652 2628 3719 et
2679 3647 2918 3740 primo

569 3768 778 3866 fingit
826 3767 1022 3862 quod
1058 3767 1397 3863 Virgilius
1431 3767 1682 3841 invitet
1718 3787 1894 3840 eum
1931 3765 2023 3840 ad
2073 3766 2213 3838 alia
2254 3765 2588 3858 videnda,
2630 3765 2912 3839 dicens:

567 3891 756 3963 disse
800 3890 857 3961 il
899 3889 1096 3960 dolce
1146 3894 1474 3978 maestro,
1528 3886 1799 3960 scilicet
1854 3885 2217 3981 Virgilius,
2269 3884 2396 3976 qui
2446 3884 2759 3958 dulciter
2797 3904 2918 3957 me

567 4007 876 4083 docebat
926 4007 1437 4101 humilitatem,
1488 4009 1607 4080 clze
1674 4010 1764 4079 m'
1791 4027 1971 4078 avea
2020 4006 2119 4078 da
2170 4006 2396 4095 quella
2436 4011 2674 4096 parte,
2727 4003 2917 4076 scili-

565 4134 686 4204 cet
745 4127 1057 4223 sinistra,
1116 4130 1299 4201 ande
1343 4130 1401 4200 il
1456 4147 1585 4199 cor
1641 4129 1735 4199 Ιια
1792 4130 1867 4199 la
1926 4132 2176 4216 yeme:
2238 4122 2435 4198 unde
2495 4123 2658 4197 vide
2719 4123 2916 4216 quod

568 4249 837 4324 Bantes
884 4248 1036 4323 ibat
1083 4248 1175 4323 ad
1225 4248 1561 4322 dextram
1622 4247 1838 4341 juxta
1894 4245 2127 4341 ripam
2193 4243 2481 4338 montisi,
2546 4251 2617 4318 et
2679 4242 2918 4340 Virgi-

551 4361 710 4443 ={ius
759 4369 999 4443 bonus
1047 4368 1201 4441 dux
1267 4367 1418 4441 ibat
1476 4366 1571 4440 ad
1623 4366 1990 4440 sinistram
2052 4384 2146 4439 ne
2206 4370 2499 4459 rueret;
2560 4371 2634 4439 et
2690 4366 2918 4437 utitur

699 4633 756 4698 (¹)
790 4635 850 4686 E.
883 4640 937 4685 et
968 4635 1056 4685 alii
1088 4638 1275 4688 minus.
1775 4633 1829 4696 (¹)
1865 4634 1925 4684 E.
1962 4636 2174 4698 recepit.
