3704 5559
2733 475 2821 541 81

490 863 818 931 CANTUS
865 863 1252 945 TERTIUS,
1302 864 1374 929 in
1409 883 1528 946 quo
1561 868 1795 929 tractat
1823 864 1986 929 sicut
2018 866 2267 931 iverunt
2301 887 2519 933 versus
2549 873 2834 947 montem,

641 976 750 1041 ubi
809 975 1121 1059 Viryilius
1165 975 1451 1041 declarat
1496 974 1705 1040 Danti
1750 976 2154 1057 quaestionem
2197 977 2274 1042 de
2317 999 2575 1060 corpore
2618 1000 2731 1045 suo
2777 986 2836 1045 et

645 1087 721 1152 de
755 1087 998 1151 umbris
1033 1086 1351 1167 omnibus‚·
1385 1092 1446 1151 et
1483 1087 1554 1150 in
1586 1088 1716 1167 fine
1744 1089 1908 1151 sicut
1950 1088 2324 1154 invenerunt
2351 1092 2618 1171 spiritus
2646 1111 2838 1172 super

643 1203 927 1276 montem,
976 1204 1035 1263 et
1078 1200 1631 1281 interroqaverunt
1675 1218 1778 1263 eos
1824 1199 1901 1264 de
1946 1200 2189 1279 itinere,
2238 1207 2297 1266 et
2340 1203 2500 1267 sicut
2546 1204 2837 1269 dominus

644 1309 1038 1393 Manfredus
1081 1312 1429 1392 imperator
1475 1310 1715 1376 locutus
1759 1317 1852 1376 est
1897 1312 1956 1376 ei
1998 1312 2332 1379 declarans
2362 1320 2605 1397 tempus
2625 1318 2834 1397 poeni—

654 1423 870 1487 tentiae
915 1423 1370 1488 contumacium
1414 1428 1649 1488 sanctae
1694 1423 1981 1489 ecclesioe.

641 1729 1056 1895 Aream
1073 1830 1218 1893 cm:
1253 1827 1326 1897 la
1357 1825 1676 1897 subilana
1704 1829 1903 1918 fuya.
1933 1826 2329 1918 Postquam
2365 1826 2437 1898 in
2472 1824 2832 1920 superiori

491 1946 805 2040 capitulo
858 1944 1190 2039 proxime
1241 1944 1680 2039 praecedenti
1719 1951 1935 2039 poeta
1962 1938 2036 2037 (⁴)
2083 1945 2420 2019 tractavit
2466 1950 2539 2019 et
2589 1944 2836 2018 deter-

495 2066 793 2139 minavit
833 2063 925 2138 de
960 2064 1196 2158 prima
1231 2064 1470 2158 specie
1507 2065 2008 2160 relegatorum
2048 2072 2257 2138 extra
2293 2064 2834 2160 purgatorium,

493 2185 619 2278 qui
669 2185 963 2258 fuerant
1012 2184 1184 2257 lenti
1236 2185 1326 2257 ad
1380 2183 1882 2280 poenitentiam
1939 2204 2175 2278 usque
2224 2184 2316 2258 ad
2367 2191 2682 2258 mortem
2719 2205 2837 2258 se-

492 2304 685 2378 ducti
741 2325 1009 2401 magna
1058 2305 1583 2399 delectatione3
1647 2326 1842 2378 nunc
1907 2312 2440 2399 consequenter
2505 2305 2578 2379 in
2644 2326 2837 2400 prae-

493 2425 676 2499 senti
737 2425 952 2499 tertio
1012 2425 1326 2519 capitulo
1388 2426 1537 2521 agit
1595 2432 1670 2498 et
1730 2431 1995 2498 tractat
2054 2426 2146 2498 de
2210 2424 2530 2499 secunda
2595 2426 2834 2520 specie

493 2547 991 2641 relegatorum
1045 2553 1255 2620 extra
1306 2544 1844 2641 purgatorium,
1901 2545 2025 2638 qui
2079 2546 2565 2641 neglexerunt
2617 2569 2831 2620 suam

492 2665 1045 2739 conversionem
1097 2666 1187 2740 ad
1223 2668 1459 2740 Deum
1494 2665 1835 2740 obstinati
1867 2656 1965 2758 (2),
2010 2686 2276 2761 magna
2328 2666 2833 2740 maledictione

493 2786 815 2860 ecclesiae
865 2787 1017 2881 Dei,
1071 2793 1146 2860 et
1196 2786 1296 2861 sic
1345 2786 1647 2883 gravius
1709 2786 2199 2879 deliquerunt.
2253 2786 2341 2858 Et
2390 2786 2580 2859 istud
2638 2786 2835 2881 capi-

490 2907 730 2979 tulum
802 2905 1070 2979 sufficit
1128 2905 1450 2981 dividere
1482 2897 1556 2998 (³)
1620 2905 1693 2978 in
1763 2912 1913 2979 tres
1981 2911 2223 3000 partes
2282 2907 2684 3001 generales,
2754 2907 2834 2978 In

488 3025 725 3121 prima
760 3043 1082 3119 quarum
1119 3033 1357 3119 poeta,
1397 3026 1831 3099 continuans
1867 3024 2253 3098 materiam
2296 3024 2832 3119 praecedentem

489 3123 1187 3241 sequentis'discutit
1239 3146 1596 3220 subtiliter
1652 3154 1727 3220 et
1776 3147 2065 3219 occulte
2099 3144 2249 3219 duo
2293 3146 2536 3219 dubia.
2588 3146 2670 3218 In
2721 3166 2838 3219 se-

489 3267 729 3342 cunda
780 3266 1119 3341 describit
1169 3267 1243 3339 in
1293 3266 1619 3362 generali
1670 3266 1889 3340 aliam
1944 3266 2241 3340 turbam
2290 3267 2709 3340 animarum
2763 3272 2836 3340 et

491 3407 738 3461 mores
789 3408 1071 3480 earum,
1126 3387 1271 3460 ibi:
1326 3391 1464 3460 Noi
1519 3390 1954 3488 divenimmo.
2018 3387 2099 3459 In
2164 3386 2374 3460 tertia
2437 3392 2510 3460 et
2574 3387 2832 3460 ultima

490 3507 830 3581 describit
887 3507 960 3580 in
1025 3507 1313 3602 speciali
1375 3507 1696 3580 animam
1761 3505 2193 3596 modernam
2254 3506 2638 3579 cuiusdam
2699 3504 2836 3581 viri

490 3628 809 3723 illustriS,
864 3628 990 3722 qui
1042 3648 1333 3722 semper
1402 3626 1536 3700 suit
1603 3627 1891 3700 rebellis
1952 3625 2275 3699 ecclesiae
2328 3626 2401 3699 in
2455 3625 2624 3718 vita,
2689 3625 2832 3698 ibi:
2961 3717 2972 3728 ἱ

492 3754 580 3823 Et
624 3771 719 3822 un
770 3752 844 3822 di
893 3751 1070 3821 loro,
1125 3748 1233 3821 Ad
1286 3747 1607 3842 primum
1641 3746 1942 3821 veniens
1976 3746 2137 3819 dico
2180 3746 2379 3838 quod
2412 3753 2629 3840 poeta
2665 3767 2835 3840 per-

491 3875 754 3943 tractat
779 3858 849 3962 (4)
881 3870 1065 3943 duas
1100 3869 1559 3964 quaestiones,
1587 3867 1712 3941 sed
1747 3873 1919 3940 ante
1952 3867 2087 3939 hoc
2121 3886 2254 3960 pro
2290 3866 2836 3939 continuatione

491 3989 862 4083 praemittit
913 3988 1448 4082 dispositionem
1505 3987 1617 4061 sui
1653 3993 1725 4060 et
1761 3985 2078 4080 Virgilii3
2117 3985 2289 4079 quia
2325 3985 2520 4059 enim
2557 3983 2834 4058 dictum

495 4116 657 4184 erat
705 4109 779 4182 in
836 4109 982 4183 fine
1042 4107 1514 4205 praecedentis
1576 4106 1894 4202 capituli,
1956 4106 2152 4200 quod
2213 4105 2309 4179 illi
2373 4104 2676 4201 spiritus·
2726 4103 2838 4176 in—

495 4229 766 4325 crepati
817 4251 859 4303 a
912 4230 1186 4305 Catone
1237 4249 1493 4304 omnes
1543 4227 2012 4320 aufugerant,
2064 4224 2228 4300 ideo
2280 4247 2476 4299 nunc
2528 4224 2841 4299 ostendit

494 4352 672 4446 quid
722 4351 875 4447 ipse
924 4351 1218 4426 fecerit:
1257 4371 1352 4423 ne
1404 4350 1589 4425 forte
1637 4353 1935 4441 putares
1970 4346 2205 4440 ipsum
2245 4345 2726 4421 immiscuisse
2761 4364 2841 4419 se

615 4536 671 4601 (¹)
702 4537 752 4587 S.
786 4543 937 4601 poeta
967 4543 1162 4588 noster.
1519 4530 1575 4595 (²)
1610 4533 1671 4582 E.
1705 4532 2048 4582 obstinatione
2081 4545 2191 4593 sua,
2225 4545 2430 4595 magna.

616 4614 669 4678 (')
703 4619 811 4674 117,
845 4614 1019 4665 dividi.
1524 4611 1578 4674 (⁸)
1611 4609 1663 4660 S.
1694 4613 1901 4659 tractat.

757 4723 839 4764 111.
2541 4717 2568 4759 6
