3704 5559
1165 505 1440 561 CANTus
1492 505 1807 560 nEcmus
1858 506 2213 572 QUARTUS·
2713 495 2852 562 379

506 664 581 730 et
628 652 903 728 divisus
943 673 1156 726 mons
1189 653 1493 727 Pelorus
1529 652 1600 726 in
1637 652 1894 727 Sicilia.
1932 653 2021 724 Et
2055 652 2170 725 hic
2206 656 2376 725 nota
2411 651 2609 745 quod
2643 674 2857 727 mons

502 774 925 870 Apenninus
976 773 1259 847 solebat
1307 774 1480 847 olim
1524 773 1935 847 continuari
1973 793 2211 865 usque
2265 771 2336 846 in
2390 773 2728 865 Siciliam,
2774 780 2858 846 ut

508 894 805 969 tradunt
855 914 1114 967 omnes
1147 899 1470 987 autoreS,
1509 893 1635 967 sed
1676 892 2037 986 abruptus
2072 891 2206 964 l'uit
2244 893 2361 965 vel
2401 898 2853 986 terraemotu,

508 1015 624 1090 vel
674 1015 954 1108 impetu
991 1013 1312 1086 duorum
1356 1012 1701 1106 marium,
1739 1011 2011 1085 scilicet
2043 1010 2329 1085 Adriaci
2366 1020 2439 1085 et
2472 1014 2852 1108 Tyrrheni,

510 1133 636 1207 ubi
688 1150 883 1207 nunc
935 1138 1046 1207 est
1094 1134 1406 1227 pharum
1459 1134 1828 1207 Messanae.
1885 1133 2086 1205 Mons
2146 1152 2326 1228 ergo
2377 1132 2504 1225 qui
2557 1153 2854 1207 reman-

510 1254 601 1327 sit
650 1273 744 1327 ex
794 1258 1002 1347 parte
1053 1252 1309 1326 Siciliae
1363 1259 1667 1326 vocatus
1720 1257 1829 1325 est
1863 1252 2167 1326 Pelorus
2201 1272 2246 1324 a
2280 1252 2541 1325 Peloro
2576 1252 2853 1349 guber-

447 1404 455 1410 ·
508 1379 769 1447 natore
818 1371 1254 1445 Hannibalis,
1309 1372 1493 1444 Nam
1548 1392 1718 1445 cum
1754 1372 2112 1446 Hannibal
2149 1373 2492 1446 transiret
2522 1355 2618 1447 de
2650 1372 2853 1446 Italia

508 1493 582 1566 in
633 1492 945 1567 Siciliam
1000 1490 1251 1565 videns
1304 1511 1383 1565 se
1432 1490 1673 1564 subito
1725 1492 2188 1584 translatum,
2243 1492 2546 1566 credidit
2595 1512 2675 1566 se
2725 1491 2854 1565 de-

357 1642 362 1647 ·
510 1620 804 1708 ceptum
857 1611 1117 1686 fraude
1166 1610 1430 1701 Pelori,
1473 1617 1546 1683 et
1587 1610 1818 1684 iratus
1870 1631 2042 1684 cum
2098 1610 2349 1684 surore
2381 1610 2855 1705 praecipitavit

509 1734 748 1828 ipsum
810 1733 885 1807 in
949 1752 1196 1824 mare;
1249 1731 1375 1805 sed
1439 1736 1713 1825 postea,
1766 1751 2025 1805 errore
2091 1730 2487 1827 recognito,
2542 1730 2708 1804 fecit
2758 1729 2854 1802 illi

511 1861 808 1929 mortuo
860 1852 1254 1949 spectabile
1305 1852 1753 1946 sepulcrum,
1798 1851 2093 1944 quando
2121 1844 2193 1943 (¹)
2249 1851 2500 1924 vivum
2543 1871 2690 1924 non
2726 1870 2858 1944 po-

513 1980 704 2049 terat
755 1975 1142 2046 honorare.
1198 1971 1307 2044 Ab
1358 1972 1494 2044 isto
1544 1990 1725 2066 ergo
1785 1990 1998 2044 mons
2060 1970 2363 2045 Pelorus
2425 1969 2856 2044 denomina-

411 2138 414 2141 -
515 2093 789 2167 tionem
841 2091 1172 2187 sumpsit.
1226 2092 1315 2163 Et
1363 2091 1569 2164 dicit:
1606 2092 1725 2162 che
1770 2110 1950 2182 poco
2000 2093 2151 2163 loco
2197 2111 2417 2183 passa
2465 2092 2654 2162 oltra
2704 2090 2861 2179 quel

511 2235 748 2305 seyne.
802 2213 972 2288 Vult
1021 2212 1264 2286 dicere
1315 2210 1513 2305 quod
1566 2231 1775 2284 mons
1815 2211 2237 2304 Apenninus
2289 2216 2399 2283 est
2447 2230 2712 2303 parum
2749 2207 2857 2281 al-

516 2334 657 2408 tior
710 2333 782 2407 in
832 2333 1076 2426 aliqua
1130 2339 1340 2427 parte
1382 2331 1517 2426 sui,
1555 2352 1778 2425 quam
1834 2330 1906 2403 in
1957 2331 2118 2404 loco
2169 2330 2294 2403 ubi
2349 2331 2673 2405 nascitur
2716 2329 2854 2403 Ar-

513 2476 673 2527 nus.
729 2454 815 2526 Et
864 2452 1072 2526 dicit:
1114 2455 1313 2544 infin,
1350 2452 1534 2526 idest
1574 2470 1813 2543 usque
1856 2450 1948 2524 ad
1984 2471 2215 2544 mare,
2251 2441 2325 2524 ἰὰ
2357 2471 2484 2523 ove
2513 2454 2577 2522 si
2609 2454 2855 2541 rende,

510 2572 643 2669 ipsi
692 2573 906 2667 mari,
952 2594 1086 2665 per
1133 2575 1421 2663 restore,
1474 2571 1657 2645 idest
1716 2590 1850 2665 pro
1920 2570 2475 2662 restauratione,
2541 2572 2617 2642 di
2676 2571 2856 2660 quel,

510 2692 697 2768 idest
746 2693 838 2768 de
891 2693 1006 2766 illa
1055 2714 1277 2787 aqua,
1331 2694 1451 2765 che
1483 2694 1534 2764 ’l
1579 2694 1709 2765 ciel
1756 2693 2071 2783 asciuya,
2125 2689 2326 2784 idest,
2379 2689 2677 2763 attrahit
2725 2709 2856 2784 per

515 2834 849 2910 vaporeS‚
903 2816 1087 2887 della
1139 2818 1451 2904 man'na,
1486 2813 1668 2887 idest
1710 2833 1803 2887 ex
1839 2811 2051 2905 mari,
2093 2813 2300 2902 oncle,
2335 2810 2518 2884 idest
2567 2810 2658 2884 de
2708 2829 2857 2902 qua

514 2934 824 3028 marina,
874 2937 901 3006 i
943 2936 1141 3025 fiumi
1187 2937 1423 3007 hanno
1471 2926 1579 3007 cio
1628 2937 1747 3007 che
1797 2954 1889 3005 va
1939 2953 2071 3004 con
2119 2935 2301 3024 lore,
2344 2930 2527 3005 idest
2570 2950 2856 3023 ,aquas3

517 3064 591 3132 et
640 3056 715 3130 in
767 3058 906 3130 hoc
956 3055 1188 3152 tangit
1221 3055 1786 3152 generationem
1840 3053 2128 3148 pluviae.
2181 3053 2391 3146 Nam,
2444 3058 2530 3124 ut
2577 3049 2853 3124 dictum

516 3183 628 3252 est
698 3196 920 3271 supra
995 3175 1314 3270 capitulo
1365 3176 1448 3266 V,
1509 3174 1616 3249 sol
1674 3176 1921 3248 calore
1985 3193 2123 3246 suo
2183 3170 2484 3246 attrahit
2546 3188 2859 3263 vapores

514 3318 790 3391 aqueos
841 3296 917 3370 in
966 3296 1267 3389 nubem,
1305 3316 1473 3389 quae
1526 3294 1918 3370 resolvitur
1951 3293 2025 3367 in
2062 3292 2426 3387 pluviam3
2471 3298 2546 3364 et
2578 3291 2682 3365 sic
2716 3290 2858 3364 flu-

516 3417 713 3491 mina
766 3416 1095 3491 rel'erunt
1145 3414 1237 3488 ad
1290 3433 1501 3489 mare
1550 3413 1621 3487 id
1673 3413 1872 3506 quod
1923 3414 2149 3488 stellae
2200 3412 2656 3486 abstulerant
2699 3408 2854 3483 sibi.

514 3577 612 3592 —
646 3538 861 3611 Onde.
904 3534 1034 3609 Hic
1066 3533 1302 3608 Guido
1338 3553 1432 3609 ex
1473 3532 1678 3607 dictis
1729 3532 2095 3606 concludit
2138 3530 2854 3606 transformationem

512 3658 920 3733 incolarum
971 3654 1180 3728 istius
1239 3654 1469 3745 valliS,
1522 3653 1806 3728 dicens:
1858 3655 1959 3744 qli
2018 3654 2350 3725 abitatori
2382 3653 2565 3724 della
2601 3652 2860 3721 misera

515 3780 720 3868 valle,
771 3775 1043 3850 scilicet
1090 3773 1289 3868 Arni,
1341 3776 1578 3846 hanno
1627 3766 1687 3845 si
1737 3779 2007 3846 mutata
2048 3774 2162 3843 lor
2194 3777 2482 3860 natum,
2519 3768 2692 3861 quia
2726 3787 2860 3840 na-

514 3896 850 3971 turaliter
883 3902 1053 3969 sunt
1079 3895 1449 3970 ‘industres
1480 3884 1555 3986 (²)
1590 3893 1684 3968 ad
1719 3892 1981 3966 omnia
2004 3909 2232 3986 opera
2267 3895 2342 3963 et
2380 3886 2704 3980 subtileS,
2741 3887 2861 3959 che

509 4039 657 4111 par
704 4018 825 4091 che
878 4020 1072 4090 Circe
1117 4018 1220 4107 qli
1266 4036 1504 4089 avesse
1553 4017 1625 4087 in
1683 4020 2017 4107 pastura,
2087 4009 2247 4084 illos
2311 4011 2857 4081 transmutatos.

514 4139 603 4211 Et
655 4137 769 4212 hic
809 4142 979 4211 nota
1015 4136 1214 4231 quod
1253 4135 1390 4210 ista
1426 4135 1657 4228 Circe,
1693 4132 1786 4207 de
1830 4152 1978 4225 qua
2020 4131 2211 4204 facta
2261 4133 2373 4202 est
2429 4125 2703 4201 mentio
2743 4124 2863 4198 ln-

515 4256 704 4333 ferni
752 4255 1070 4353 capitulo
1119 4254 1368 4347 XXVI,
1421 4253 1557 4327 fuit
1607 4250 2088 4326 famosissima
2140 4268 2358 4343 maga
2409 4251 2483 4321 et
2532 4244 2862 4319 incanta-

516 4378 659 4453 trix
710 4376 885 4451 olim
934 4376 1011 4450 in
1060 4376 1287 4471 ltalia,
1341 4394 1509 4469 quae
1558 4373 1711 4446 suis
1761 4369 2128 4447 veneficiis
2191 4366 2457 4442 dicitur
2509 4365 2862 4439 transfor-

639 4565 695 4626 (⁸)
728 4568 838 4625 117,
870 4565 1117 4628 qnoniam
1147 4564 1325 4613 vivum
1355 4574 1463 4612 uon
1494 4563 1716 4623 poterat.

642 4638 698 4703 (¹)
730 4644 840 4701 117,
873 4640 1094 4692 industri
1124 4640 1189 4691 ad
1218 4638 1394 4690 omnia
1425 4650 1601 4702 opera.
