3704 5559
1139 494 1418 549 CANTUS
1469 494 1786 550 nEcmth
1836 496 2189 560 omarus.
2693 483 2832 550 389

491 661 717 734 quam
779 661 951 715 cum
1015 639 1168 734 ipse
1227 658 1449 712 senex
1513 639 1903 733 reperisset
1970 639 2433 713 coniunctam
2494 660 2838 716 amorose

492 782 664 835 cum
717 760 1095 834 Ricciardo
1146 760 1367 833 nobili
1397 760 1677 853 juvene
1710 759 1802 832 de
1838 760 2223 834 Mainardis
2257 761 2349 834 de
2383 762 2834 857 Bretenori0‚

493 900 585 955 ex
637 880 902 954 astutia
954 880 1218 975 puellae
1268 886 1342 954 et
1391 878 1848 974 simplicitate
1886 884 2243 973 materna,
2280 881 2841 974 prudentissime

496 999 662 1074 fecit
715 1020 881 1073 eam
934 999 1355 1093 desponsari
1407 999 1562 1072 sine
1613 997 2096 1072 diminutione
2147 1000 2464 1093 bonoriS,
2501 1001 2687 1074 sicut
2716 1003 2838 1096 jo-

500 1112 927 1210 cunditer(')
968 1118 1214 1192 scribit
1251 1117 1685 1192 Boccaccius
1719 1118 1811 1192 de
1844 1117 2201 1192 Certaldo.
2239 1118 2325 1190 Et
2362 1120 2688 1194 nominat
2723 1141 2842 1194 se-

502 1237 852 1333 cundum,
904 1238 1188 1312 dicens:
1240 1245 1305 1310 el
1352 1241 1619 1328 Arriqo
1672 1241 2058 1311 Mainardi.
2122 1239 2263 1312 Iste
2314 1240 2406 1313 de
2457 1240 2841 1315 Mainardis

500 1359 592 1434 de
643 1360 1069 1434 Bretenorio
1121 1358 1449 1432 similiter
1495 1357 1606 1431 vir
1657 1358 1916 1431 nobilis
1952 1363 2025 1432 et
2058 1359 2380 1453 prudens
2413 1360 2548 1434 fuit
2581 1360 2656 1434 in
2691 1361 2839 1435 vita

500 1480 739 1553 socius
791 1479 994 1552 istius
1044 1477 1318 1552 domini
1360 1477 1728 1571 GuidoniS,
1765 1477 1892 1571 qui
1929 1477 2275 1571 loquitur.
2313 1479 2474 1574 Qui,
2512 1501 2603 1555 eo
2638 1501 2843 1555 mor-

501 1604 654 1693 tuo,
708 1599 874 1673 fecit
936 1598 1164 1673 secari
1206 1588 1277 1689 (²)
1348 1597 1628 1692 lignum
1688 1617 1822 1693 per
1887 1597 2237 1692 medium,
2303 1599 2378 1670 in
2441 1619 2590 1692 quo
2656 1600 2843 1673 soliti

502 1726 710 1794 erant
759 1719 980 1793 ambo
1041 1718 1322 1811 sedere,
1355 1737 1690 1790 asserens
1725 1717 1924 1810 quod
1959 1737 2105 1790 non
2150 1723 2606 1792 remanserat
2655 1719 2843 1793 alius

498 1837 747 1911 similis
799 1838 870 1911 in
923 1837 1351 1911 liberalitate
1404 1842 1477 1909 et
1528 1835 2118 1929 honorificentia3
2161 1838 2322 1912 ideo
2356 1838 2544 1912 bene
2579 1838 2845 1930 quaerit

502 1976 696 2030 nunc
745 1956 838 2030 de
887 1975 979 2031 eo
1045 1956 1170 2028 ubi
1221 1955 1311 2028 sit
1338 1979 1357 2047 3
1408 1953 1619 2048 quasi
1670 1953 1899 2028 dicat:
1954 1976 2101 2028 non
2150 1957 2517 2030 invenitur
2568 1957 2840 2032 similis.

499 2074 774 2149 Deinde
833 2075 1161 2148 nominat
1221 2074 1402 2147 alios
1462 2073 1649 2146 duos
1713 2074 2006 2168 spiritus
2074 2075 2413 2170 illustreS‚
2466 2082 2539 2151 et
2606 2077 2845 2171 primo

504 2194 806 2267 Petrum
870 2194 1448 2268 Traversarium.
1520 2193 1650 2267 Hic
1718 2194 1854 2267 fuit
1922 2194 2261 2269 dominus
2329 2196 2635 2271 civitatis
2698 2199 2846 2271 Ra-

506 2332 786 2405 vennae,
838 2313 950 2385 vir
1005 2313 1519 2409 magnanimus
1571 2318 1645 2387 et
1696 2314 2152 2409 magnificus,
2194 2315 2321 2408 qui
2362 2314 2581 2389 filiam
2627 2338 2840 2391 suam

506 2433 792 2507 tradidit
825 2433 897 2506 in
934 2453 1247 2507 uxorem
1291 2432 1659 2527 Stephano
1696 2433 1851 2530 regi
1891 2434 2330 2530 Hungariae3
2368 2435 2615 2508 floruit
2650 2442 2843 2510 tem-

471 2582 474 2585 “
504 2574 683 2649 pore
730 2552 1078 2627 Friderici
1112 2554 1195 2647 H,
1232 2559 1307 2631 et
1355 2573 1582 2626 ausus
1616 2559 1726 2627 est
1762 2553 2112 2628 recedere
2145 2553 2238 2626 ab
2280 2574 2390 2628 eo.
2429 2556 2597 2628 Post
2631 2555 2843 2628 cuius

503 2678 817 2747 mortem
854 2672 1268 2747 Fridericus
1301 2672 1582 2746 obsedit
1615 2671 2065 2765 Ravennam,
2095 2682 2169 2747 et
2202 2673 2410 2766 cepit.
2448 2673 2617 2747 Ideo
2652 2674 2843 2747 bene

504 2793 768 2888 quaerit
819 2792 953 2866 iste
984 2793 1243 2887 Guido‚
1282 2795 1446 2865 Pier
1490 2798 1959 2882 Traversaro,
2004 2791 2128 2865 ubi
2171 2795 2331 2865 est?
2366 2793 2574 2886 quasi
2609 2793 2841 2867 dicat:

504 2913 669 3007 quis
702 2918 810 2986 est
843 2912 1060 2986 hodie
1098 2912 1437 2985 domiuus
1488 2911 1561 2984 in
1611 2909 2089 2985 Romandiola
2141 2911 2393 2984 similis
2442 2911 2597 3005 sibi,
2638 2933 2846 2986 ama-

504 3037 620 3107 tor
671 3051 828 3105 suae
876 3030 1233 3107 civitatis?
1284 3032 1370 3103 Et
1421 3031 1749 3104 nominat
1799 3030 2051 3124 alium,
2087 3030 2370 3105 dicens:
2408 3054 2445 3103 e
2501 3035 2725 3106 Guido
2765 3035 2842 3107 di

509 3153 924 3242 Gar-pigna?
971 3150 1112 3224 Iste
1164 3149 1298 3222 fuit
1348 3150 1605 3224 nobilis
1639 3150 1753 3225 vir
1786 3149 1880 3222 de
1914 3150 2389 3244 Montefeltro‚
2426 3151 2553 3245 qui
2588 3171 2847 3227 omnes

504 3270 636 3344 sibi
688 3291 903 3365 pares
937 3269 1369 3345 liberalitate
1401 3269 1808 3364 superavit:
1848 3269 1941 3343 de
1975 3290 2124 3364 quo
2158 3270 2379 3343 audio
2415 3271 2636 3365 quod,
2674 3292 2849 3345 cum

506 3389 788 3465 fecisset
838 3389 1166 3463 solemne
1217 3388 1638 3463 convivium
1688 3389 1762 3462 in
1805 3389 2255 3483 Bretenorio,
2291 3389 2672 3466 deficiente
2720 3412 2853 3487 pe-

507 3509 747 3603 cunia,
775 3509 943 3583 fecit
966 3507 1182 3583 vendi
1216 3506 1595 3581 dimidium
1633 3528 1829 3583 carae
1862 3510 2119 3583 cultrae
2145 3500 2215 3601 (³)
2251 3530 2473 3603 quam
2511 3510 2846 3588 babebat.

507 3628 614 3703 De
648 3649 797 3722 qua
833 3648 916 3702 re
951 3627 1368 3721 increpatus
1408 3646 1452 3699 a
1493 3627 1851 3722 familiari,
1888 3628 2374 3702 curialitatem
2416 3650 2627 3703 suam
2670 3650 2850 3704 con-

506 3746 684 3820 divit
733 3746 991 3820 curiali
1040 3751 1470 3840 scommate,
1511 3745 1792 3821 dicens:
1845 3747 2045 3841 quod
2097 3748 2169 3820 in
2220 3752 2471 3822 aestate
2520 3769 2672 3843 prae
2721 3769 2850 3824 ca-

509 3866 668 3940 lore
717 3865 1011 3940 tenebat
1060 3866 1279 3960 pedes
1329 3872 1568 3960 extra,
1604 3872 1677 3940 et
1712 3867 1785 3939 in
1824 3868 2094 3963 hyeme
2145 3887 2323 3943 vero
2372 3888 2524 3961 prae
2576 3867 2850 3963 frigore

508 3984 805 4060 tenebat
853 4005 1075 4061 crura
1126 3991 1521 4060 contracta.
1575 3984 1745 4060 Ideo
1799 3985 1933 4060 iste
1982 3984 2217 4058 Guido
2258 3984 2375 4058 del
2408 3985 2634 4079 Duca,
2669 4005 2850 4060 con-

504 4104 834 4179 siderans
884 4104 1067 4179 tales
1118 4103 1315 4178 viros
1365 4104 1440 4177 in
1490 4102 1968 4179 Romandiola
2008 4103 2263 4200 dignos
2315 4123 2620 4178 romana
2669 4104 2849 4180 civi·-

505 4229 678 4316 tate,
731 4223 1096 4298 exclamat
1146 4243 1320 4296 cum
1370 4221 1657 4297 dolore:
1722 4227 1783 4296 0
1828 4224 2280 4313 romaynuoli
2298 4226 2581 4336 ⁸tornati
2609 4225 2687 4296 in
2718 4222 2849 4296 ba-

499 4344 775 4416 stardi!
835 4341 1063 4416 Nimis
1127 4342 1501 4417 curialiter
1563 4342 1893 4436 loquitur
1956 4341 2129 4415 iste:
2193 4341 2421 4417 immo
2480 4341 2850 4419 debuisset

629 4597 685 4660 (¹)
719 4598 782 4648 E.
801 4611 832 4649 e
855 4603 960 4660 11⁷,
975 4600 1224 4663 jucunde.
1350 4598 1407 4662 (²)
1437 4599 1488 4649 S.
1513 4599 1683 4650 securi
1714 4599 1873 4650 scindi
1907 4600 2125 4664 liguum.
2251 4600 2304 4662 (⁸)
2338 4601 2399 4650 E.
2433 4613 2567 4649 ουτω
2600 4600 2847 4651 culcitra.
