3704 5559
1329 501 1605 555 CANTUS
1655 502 2042 557 SECUNDUS·
2762 494 2851 560 73

511 647 909 740 receptavit
959 647 1033 719 in
1087 647 1274 740 navi,
1328 650 1437 719 0122·
1492 650 1584 719 lea
1644 650 1873 719 voluto
1931 652 2167 720 inlrar
2230 670 2362 721 con
2426 656 2596 722 tucca
2643 671 2850 742 pace,

509 768 711 860 idest,
767 768 1220 862 quicumque
1273 768 1505 841 voluit
1553 768 1920 841 conciliari
1990 774 2065 842 et
2113 769 2474 863 pacificari
2527 772 2702 864 Deo,
2755 775 2852 844 da

509 896 611 961 tre
663 891 856 977 mesi,
909 888 1091 961 idest
1142 910 1186 961 a
1239 888 1470 959 tribus
1523 888 1897 962 mensibus
1947 888 2152 982 citra,
2200 889 2394 982 quod
2449 896 2557 963 est
2606 890 2851 965 dicere

506 1030 552 1082 a
605 1008 823 1081 natali
875 1007 1079 1081 citra.
1133 1008 1343 1100 Nam,
1386 1014 1467 1079 ut
1516 1008 1684 1081 alibi
1736 1008 2012 1082 dictum
2065 1015 2196 1102 est,
2242 1031 2478 1083 annus
2531 1010 2647 1083 ille
2700 1031 2848 1104 quo

506 1133 721 1223 poeta
772 1128 1028 1201 habuit
1079 1148 1291 1200 suam
1346 1127 1754 1202 mirabilem
1809 1129 2187 1223 visionem,
2232 1129 2503 1203 scilicet
2552 1130 2849 1203 millesi-

507 1267 677 1320 mus
728 1248 1308 1341 trecentesimus,
1361 1248 1497 1321 suit
1545 1270 1783 1322 annus
1822 1250 2125 1344 jubilaei,
2173 1251 2298 1344 qui
2352 1251 2752 1344 incoeperat
2801 1272 2848 1324 a

504 1368 902 1460 nativitate,
964 1376 1039 1442 et
1099 1390 1294 1441 nunc
1358 1375 1519 1442 erat
1586 1375 1879 1464 tempus
1944 1371 2180 1465 primi*
2220 1371 2433 1464 veriS,
2498 1372 2670 1464 quia
2739 1371 2847 1444 sol

503 1489 907 1563 intraverat
939 1489 1611 1563 arietem.Vocatur
1645 1496 1895 1563 autem
1935 1492 2049 1564 bic
2086 1513 2344 1584 annuS,
2384 1512 2607 1584 quem
2643 1493 2845 1586 Moy·-

503 1630 620 1684 ses
669 1609 920 1682 statuit
954 1610 1028 1682 in
1062 1610 1372 1702 desert0,
1417 1611 1785 1704 jubilaeuS,
1824 1619 1898 1684 et
1950 1618 2110 1685 erat
2162 1613 2842 1708 quinquagesimus,

504 1736 590 1819 ut
622 1729 849 1803 refert
872 1730 1228 1824 Iosephus
1257 1730 1472 1803 tertio
1499 1730 2059 1823 Antiquitatum,
2097 1732 2171 1803 in
2217 1752 2365 1824 quo
2400 1732 2765 1805 debitores
2798 1753 2844 1805 a

502 1849 863 1924 creditore
897 1849 1358 1943 laxabantur,
1396 1856 1469 1923 et
1505 1851 1696 1923 servi
1733 1851 2288 1929 dimittebantur
2324 1851 2552 1924 liberi.
2594 1851 2844 1926 Stante

499 1969 858 2064 siquidem
900 1970 1225 2064 Jubilaeo,
1271 1970 1466 2062 quod
1511 1991 1780 2044 nomen
1822 1970 2177 2065 significat
2232 1970 2668 2064 libertatem,
2722 1990 2843 2043 re-

500 2089 987 2165 stituebantur
1050 2091 1274 2163 ¹etiam
1345 2091 1581 2183 campi
1654 2091 1970 2184 antiquis
2040 2092 2389 2184 dominis;
2446 2091 2607 2165 ideo
2673 2090 2842 2164 dicit

380 2296 383 2299 ,
497 2210 777 2285 Casella
829 2211 1026 2303 quod
1079 2209 1202 2283 tali
1256 2216 1586 2304 tempore
1636 2210 1988 2285 liberatus
2033 2218 2142 2285 est
2175 2211 2267 2284 de
2300 2211 2615 2307 AEgypto
2643 2217 2715 2284 et
2749 2210 2840 2285 de

497 2336 854 2426 potestate
903 2330 1322 2404 Pharaonis
1360 2330 1542 2403 Dicit
1592 2351 1810 2426 ergo:
1848 2335 2012 2404 ond'
2037 2335 2107 2404 io
2157 2334 2275 2403 che
2327 2353 2454 2403 era
2494 2334 2640 2403 alla
2682 2352 2839 2402 ma-

492 2454 667 2525 rina'
709 2454 919 2542 volco,
961 2451 1251 2544 scilicet,
1289 2452 1379 2525 ad
1418 2453 1863 2525 maritimam
1905 2473 2316 2551 romanam,
2353 2456 2527 2524 dove
2562 2456 2835 2544 l’acqua

496 2577 573 2648 di
628 2580 881 2649 Tevere
928 2575 1267 2664 s'insala,
1328 2572 1531 2665 idest,
1600 2573 1821 2647 intrat
1873 2574 2137 2666 salum,
2189 2572 2344 2647 sive
2407 2594 2650 2667 mare3
2703 2594 2834 2667 per

496 2695 695 2790 quod
744 2693 1074 2790 intelligit
1115 2694 1313 2789 quod
1364 2699 1524 2766 erat
1573 2713 1975 2767 conversus
2024 2692 2117 2766 ad
2168 2692 2655 2766 obedientiam
2708 2715 2834 2766 ro-

492 2834 733 2889 manae
783 2815 1130 2908 ccclesiae,
1194 2817 1711 2905 beniynamenle
1769 2817 1871 2907 fu'
1914 2816 2012 2886 da
2081 2816 2177 2885 lui
2233 2816 2508 2903 ricoltO,
2560 2814 2831 2888 scilicet

489 2937 585 3012 ab
618 2935 739 3010 illo
773 2935 1074 3030 Ange10,
1104 2935 1228 3028 qui
1269 2934 1576 3009 libenter
1614 2933 1868 3025 recipit
1904 2932 2422 3006 redeuntesad
2458 2933 2829 3027 gremium

490 3056 814 3132 eeclesiae
864 3062 1555 3150 quantumcumque
1600 3053 1826 3126 tarde.
1880 3054 1967 3126 Et
2010 3054 2124 3126 bic
2172 3059 2341 3126 nota
2385 3053 2581 3145 quod
2616 3052 2833 3126 Tiber

464 3176 756 3274 *fluvius
808 3196 1158 3248 romanus
1209 3174 1431 3246 intrat
1476 3194 1685 3247 mare
1720 3173 1938 3268 longe
1986 3195 2033 3247 a
2084 3174 2313 3246 Roma
2368 3194 2499 3267 per
2550 3171 2833 3246 duode-

489 3296 630 3372 cim
682 3295 1016 3368 milliaria
1057 3296 1274 3390 Juxta
1324 3293 1689 3367 civitatem
1730 3314 1897 3386 quae
1940 3286 2247 3366 vocatur
2297 3292 2566 3384 Hostia,
2604 3311 2830 3385 quam

486 3419 660 3493 olim
726 3415 1038 3491 condidit
1095 3418 1339 3488 Ancus
1398 3414 1697 3487 Martius
1764 3419 2073 3507 quartus
2134 3432 2266 3487 rex
2346 3432 2827 3485 romanorum

483 3538 561 3612 in
611 3538 767 3633 ipso
824 3536 1135 3611 confinio
1197 3534 1419 3608 maris
1484 3539 1559 3606 et
1617 3534 1959 3627 fluminis,
2016 3539 2096 3606 ut
2154 3533 2256 3606 ait
2325 3532 2606 3624 Florus,
2664 3532 2823 3625 jam

486 3666 664 3732 tunc
734 3656 1176 3753 praesagiens
1243 3654 1489 3729 animo
1561 3654 1831 3728 debere
1895 3674 2078 3746 esse,
2134 3661 2214 3726 ut
2274 3652 2541 3725 divitiae
2610 3651 2829 3724 totius

484 3777 740 3853 mundi
791 3784 865 3853 et
914 3776 1254 3851 victualia
1306 3775 1809 3870 reciperentur
1861 3775 1982 3849 illo
2028 3773 2236 3868 quasi
2279 3774 2650 3846 maritimo
2691 3774 2828 3846 ho—

483 3898 693 3994 spitio
744 3896 965 3972 urbis.
1020 3897 1107 3969 Et
1167 3896 1407 3969 subdit
1456 3895 1733 3969 Casella
1787 3895 1985 3988 quod
2043 3894 2363 3989 Angelus
2424 3893 2825 3968 revertitur

483 4037 682 4092 nunc
730 4037 994 4092 versus
1041 3997 1312 4091 ostium
1355 4015 1653 4107 TiberiS,
1692 4014 1865 4107 quia
1919 4014 2156 4087 omnis
2196 4013 2442 4088 anima
2476 4013 2821 4087 salvanda

483 4137 739 4212 transit
788 4157 921 4232 per
970 4157 1265 4233 passum
1318 4137 1549 4228 illum,
1587 4133 1857 4208 scilicet
1909 4154 2040 4227 per
2090 4139 2454 4227 praecepta
2498 4153 2826 4207 romanae

480 4256 826 4338 eeclesiae.
855 4257 1039 4331 Dicit
1063 4277 1283 4353 ergo:
1313 4258 1449 4345 elli,
1478 4254 1747 4328 seilicet
1774 4253 2116 4349 Angelus,
2148 4255 2240 4325 Ιια
2265 4274 2353 4326 or
2378 4256 2590 4328 dritta
2626 4257 2823 4346 Γαῖα,

478 4357 685 4470 idest,
737 4396 935 4451 nunc
997 4377 1091 4451 de
1148 4359 1484 4470 p'raesenti
1556 4374 1860 4466 revolat,
1927 4394 1975 4445 a
2039 4376 2270 4465 quella
2325 4378 2504 4467 foce,
2556 4374 2828 4448 scilicet

478 4495 909 4591 tiberinam3
945 4503 1020 4572 et
1053 4516 1227 4572 ecce
1279 4496 1663 4587 rationem,
1697 4486 1880 4586 perd
1930 4496 2050 4566 che
2102 4497 2293 4585 qual,
2338 4493 2541 4587 idest,
2584 4494 2824 4568 omnis

478 4616 725 4694 anima
781 4636 972 4712 quae,
1031 4637 1178 4690 non
1240 4620 1305 4690 si
1363 4618 1523 4688 cala
1589 4636 1791 4686 verso
1852 4616 1922 4686 d'
1941 4617 2351 4705 Acheronte,
2402 4614 2610 4707 idest,
2671 4634 2819 4687 non
