3704 5559
1376 495 1653 551 CAN'rus
1702 498 2035 562 QmN'rth.
2738 486 2876 550 155

528 663 701 717 rum
754 642 1045 716 condita
1097 648 1228 715 est.
1284 641 1616 714 Primum
1663 662 1845 738 ergo
1900 661 2169 714 nomen
2221 642 2441 714 huius
2494 642 2697 716 urbis
2749 643 2883 716 fuit

526 762 915 858 Euganea3
967 762 1226 835 deinde
1286 768 1545 835 vocata
1604 769 1715 836 est
1773 761 2183 854 Patavium,
2244 762 2543 836 demum
2599 762 2875 836 Padua.

525 883 646 956 Est
697 883 918 956 etiam
974 883 1467 976 potentissima
1503 882 1596 956 ab
1631 882 1828 955 olim.
1868 882 2103 968 Quam
2141 881 2314 954 olim
2369 882 2631 958 invasit
2666 883 2880 957 Cleo-

527 1003 742 1075 ninus
794 1023 926 1075 rex
978 1002 1193 1096 Illyrii
1227 993 1327 1095 (⁴),
1381 1002 1584 1093 idest,
1630 999 2071 1093 Sclavoniae3
2109 1000 2237 1074 sed
2286 1002 2478 1075 male
2529 1001 2664 1074 sibi
2715 1021 2878 1075 ces-

526 1122 637 1215 sit,
689 1123 875 1195 sicut
926 1121 1187 1194 scribitr
1225 1122 1425 1194 Titus
1474 1120 1719 1193 Livius
1772 1120 2179 1213 paduanuS,
2234 1120 2726 1194 nobilissimus
2762 1120 2876 1193 hi-

524 1242 987 1315 storicorum.
1041 1242 1147 1315 De
1201 1243 1334 1313 hac
1374 1241 1660 1314 dicetur
1701 1241 1873 1313 alibi
1908 1241 2229 1335 capitulo
2260 1241 2359 1314 IX
2396 1241 2741 1314 Paradisi.
2788 1240 2876 1313 Et

521 1362 734 1436 dicit:
789 1353 861 1433 Ιά
910 1364 1069 1434 dov'
1093 1365 1163 1434 io
1205 1358 1328 1453 ρίὰ
1378 1366 1611 1433 sicuro
1661 1382 1849 1433 esser
1898 1364 2193 1434 credea:
2246 1362 2420 1455 quia
2478 1362 2668 1435 inter
2723 1361 2867 1434 Ve-

522 1483 753 1557 netias
804 1489 878 1556 et
928 1483 1278 1575 Paduam,
1342 1483 1525 1555 duas
1587 1482 2132 1556 florentissimas
2199 1482 2444 1575 urbeS,
2502 1483 2622 1555 ubi
2690 1478 2873 1554 solet

523 1602 661 1678 iter
711 1624 871 1677 esse
925 1602 1394 1676 tutissimum.
1433 1602 1520 1674 Et
1568 1601 1811 1674 subdit
1847 1607 2185 1674 autorem
2241 1622 2394 1674 suae
2448 1602 2726 1693 mortis,
2763 1600 2874 1673 di-

523 1744 740 1799 cens:
795 1726 952 1815 quel
996 1724 1093 1794 da
1145 1725 1315 1808 Esli,
1355 1722 1557 1814 idest,
1595 1721 1743 1795 Azo
1780 1723 2109 1796 marchio
2144 1722 2467 1814 estensiS,
2504 1725 2559 1795 il
2600 1726 2673 1813 se
2718 1724 2872 1813 far,

521 1865 655 1939 per
689 1843 1001 1917 famulos
1039 1863 1245 1935 suos;
1282 1847 1354 1915 et
1389 1842 1513 1933 qui
1551 1862 1681 1935 per
1716 1841 1943 1914 alium
1985 1841 2174 1934 facit,
2204 1862 2336 1935 per
2370 1861 2450 1915 se
2485 1841 2722 1935 ipsum
2759 1840 2872 1913 fa-

520 1984 690 2040 cere
724 1963 1033 2037 videtur.
1072 1964 1160 2035 Et
1195 1962 1309 2035 hic
1346 1969 1540 2053 nota,
1573 1962 1768 2054 quod
1797 1962 2053 2035 Estum
2081 1954 2152 2053 (²)
2183 1968 2294 2036 est
2338 1961 2867 2036 nobilissimum

521 2091 846 2159 castrum
882 2084 1267 2176 antiquum
1306 2089 1378 2155 et
1414 2082 1671 2174 fertile,
1709 2082 1981 2155 distans
2030 2104 2076 2156 a
2128 2082 2376 2156 Padua
2428 2102 2561 2176 per
2614 2080 2865 2175 viginti

523 2203 851 2298 quinque
905 2203 1258 2295 milliaria,
1313 2202 1510 2275 unde
1561 2202 1736 2274 olim
1804 2202 2026 2275 traxit
2076 2201 2462 2297 originem,
2515 2206 2590 2273 et
2641 2201 2870 2273 deno—

521 2324 991 2399 minationem
1068 2322 1467 2396 clarissima
1542 2321 1807 2395 domus
1886 2321 2282 2394 illustrium
2348 2320 2867 2394 marchionum

520 2445 940 2537 estensium,
992 2464 1124 2538 per
1175 2445 1405 2517 multa
1459 2445 1707 2517 secula
1760 2444 2050 2535 florenS,
2104 2449 2177 2516 et
2230 2442 2508 2535 ubique
2560 2442 2867 2532 famosa,

519 2586 686 2659 quae
736 2565 1155 2661 dignissime
1206 2564 1720 2637 denominatur
1781 2563 1875 2636 ab
1940 2563 2081 2636 Est.
2145 2563 2298 2636 Hoc
2360 2562 2552 2636 enim
2623 2563 2861 2635 solum

517 2686 830 2760 verbum
883 2693 1006 2775 esc,
1042 2685 1449 2779 appellatur
1485 2682 1797 2757 verbum
1834 2682 2398 2774 substantivum,
2438 2680 2564 2753 ubi
2592 2687 2870 2753 caetera-

516 2807 974 2901 appellantur
1024 2804 1537 2897 accidentalia,
1592 2804 1762 2896 imo,
1818 2810 1901 2875 ut
1953 2801 2270 2897 theologi
2338 2801 2616 2892 volunt,
2671 2800 2863 2872 istud

516 2927 828 3000 verbum
900 2934 1000 2999 esc
1066 2927 1359 3021 proprie
1423 2924 1862 3019 praedicatur
1920 2923 2012 2997 de
2062 2923 2216 2995 solo
2267 2923 2441 2996 Deo.
2491 2923 2632 2995 Ista
2683 2942 2864 3016 ergo

515 3046 782 3121 domus
834 3047 1136 3122 estensis
1188 3048 1339 3120 sola
1403 3052 1516 3119 est
1576 3047 1647 3117 in
1712 3046 1894 3118 ssore
1956 3044 2143 3117 inter
2204 3043 2462 3116 domos
2521 3042 2866 3135 antiquas

515 3165 720 3241 istius
769 3169 994 3262 partis
1042 3166 1287 3258 ltaliae,
1357 3165 1612 3259 quales
1677 3165 1982 3238 fuerunt
2046 3164 2316 3236 domus
2373 3162 2466 3236 de
2533 3161 2862 3253 Camino,

511 3286 605 3363 de
657 3288 989 3362 Romano
1041 3295 1115 3361 et
1162 3287 1453 3360 similes,
1509 3287 1596 3359 Et
1654 3285 1872 3364 dicit:
1922 3287 2041 3357 che
2091 3287 2385 3357 m'avea
2452 3286 2528 3356 in
2588 3285 2733 3372 ira,
2786 3286 2862 3355 et

514 3408 805 3501 merito,
859 3408 1030 3501 quia
1082 3408 1191 3481 ira
1244 3412 1351 3480 est
1402 3406 1763 3501 appetitus
1814 3404 2173 3497 vindictae,
2229 3402 2552 3476 maxime
2602 3407 2859 3475 contra

512 3529 1186 3625 parvipendentem,
1242 3534 1321 3600 ut
1375 3527 1533 3598 vult
1583 3526 2083 3620 philosophus;
2128 3531 2203 3597 et
2251 3523 2460 3598 dicit:
2503 3526 2698 3594 assai
2737 3517 2862 3613 piet

512 3640 612 3741 ld,
660 3652 780 3723 che
829 3650 1040 3722 dricw
1088 3668 1234 3720 non
1282 3650 1501 3720 volea.
1557 3646 1708 3719 Hoc
1758 3654 2135 3739 exponunt
2183 3642 2432 3736 aliqui,
2485 3641 2689 3734 idest,
2744 3641 2861 3713 ul-

514 3769 743 3846 terius
794 3790 1018 3864 quam
1071 3769 1194 3862 jus
1254 3766 1615 3862 exigebat,
1684 3765 1856 3857 quia
1907 3764 2176 3838 scilicet
2235 3767 2446 3835 extra
2508 3761 2860 3834 terminos

512 3911 667 3965 suae
707 3887 1266 3986 jurisdictionis:
1322 3893 1401 3959 tu
1456 3905 1636 3959 vero
1677 3885 1813 3978 dic,
1862 3883 2168 3958 ulterius
2205 3901 2430 3974 quam
2468 3880 2620 3974 ipse
2658 3899 2860 3951 mar-

511 4011 676 4087 chio
725 4011 1038 4103 volebat,
1100 4009 1274 4103 quia
1336 4006 1627 4081 volebat
1688 4004 1886 4099 quod
1932 4006 2070 4077 hoc
2122 4002 2332 4076 fieret
2367 3999 2706 4073 Venetiis.
2772 3998 2862 4070 Et

512 4132 754 4208 subdit
798 4132 933 4206 iste
968 4130 1285 4226 spiritus,
1321 4125 1696 4223 quomodo
1732 4131 2021 4220 poterat
2054 4122 2359 4198 faciliter
2411 4118 2749 4212 evadere,
2802 4119 2857 4191 si

515 4259 718 4329 recto
771 4272 996 4328 cursu
1034 4251 1336 4346 fugisset
1381 4268 1641 4323 versus
1676 4245 2046 4338 Paduam3
2083 4242 2280 4316 unde
2311 4240 2518 4315 dicit:
2563 4260 2684 4311 ma
2716 4241 2859 4311 s'io

505 4376 684 4470 sossi
724 4376 997 4467 suqqieo
1045 4366 1245 4443 invdr
1295 4374 1367 4442 la
1418 4372 1637 4455 Mira,
1676 4385 1845 4458 quae
1889 4369 2000 4437 est
2050 4361 2389 4457 quaedam
2446 4359 2614 4434 villa
2666 4358 2861 4431 ultra

636 4627 691 4689 (¹)
724 4626 786 4676 E.
819 4625 1032 4690 Illyrici,
1067 4625 1197 4674 idest
1227 4637 1320 4674 rex
1353 4621 1655 4673 Sclavoniae.
1972 4618 2024 4681 (')
2058 4617 2120 4668 E.
2155 4617 2293 4667 Este.
