3704 5559
1154 533 1430 588 CANTUS
1480 533 1793 589 DEC1MUS
1845 526 2177 599 Qum'rus‘.
2688 521 2829 586 415

487 678 920 755 convocavit
953 672 1024 770 (¹)
1080 676 1171 751 ad
1223 660 1630 751 consilium.
1685 680 1835 752 Mos
1887 679 2084 752 enim
2140 685 2301 753 erat
2350 687 2526 752 tunc
2576 680 2646 752 in
2699 679 2832 752 illis

488 799 820 895 partibus
857 798 1054 893 quod
1090 797 1378 871 feminae
1413 798 1817 872 intererant
1852 797 2156 892 publicis
2183 798 2522 872 consiliis:
2553 805 2627 873 et
2659 800 2833 874 bre-

491 920 679 994 viter
733 917 1037 991 masculi
1093 937 1228 1011 pro
1279 918 1640 1011 Neptun0‚
1693 917 1985 991 feminae
2042 939 2175 1012 pro
2240 918 2559 993 Minerva
2611 919 2833 993 dede-

492 1047 666 1113 runt
721 1060 936 1113 voces
987 1059 1179 1112 suas.
1234 1038 1376 1112 Sed
1429 1039 1601 1132 quia
1654 1059 1802 1111 una
1854 1040 2015 1132 plus
2050 1038 2343 1112 inventa
2384 1045 2493 1112 est
2530 1039 2835 1113 femina-

497 1181 668 1233 rum
720 1160 1039 1232 Minerva
1092 1158 1402 1233 obtinuit
1454 1157 1857 1231 victoriam.
1920 1159 2123 1232 Tunc
2174 1158 2555 1251 Neptunus
2606 1157 2836 1231 iratus

496 1279 966 1353 inundatione
1018 1279 1242 1352 maris
1294 1279 1602 1352 vastavit
1652 1284 1890 1351 terras
1925 1277 2485 1371 atheniensium,
2522 1278 2693 1371 quia
2731 1278 2839 1351 sa-

494 1401 631 1475 cile
666 1405 775 1474 est
809 1399 1123 1474 daemoni
1151 1391 1226 1490 (²)
1263 1398 1641 1473 effundere
1676 1399 1890 1473 latius
1925 1418 2221 1472 omnem
2276 1418 2589 1492 aquam:
2626 1399 2839 1472 cuius

497 1528 581 1595 ut
632 1519 741 1594 ira
787 1521 1229 1629 placaretur,
1263 1518 1720 1593 athenienses
1760 1526 2179 1593 statuerunt
2222 1538 2316 1593 ne
2350 1518 2698 1593 mulieres
2748 1518 2841 1593 de

498 1648 768 1716 caetero
830 1639 921 1713 ad
980 1638 1328 1734 suffragia
1382 1639 1627 1734 populi
1679 1646 2146 1733 vocarentur,
2200 1645 2273 1714 et
2313 1630 2383 1730 (³)
2447 1646 2533 1712 ut
2598 1640 2840 1712 nullus

500 1760 690 1834 filius
742 1759 1045 1834 haberet
1097 1779 1366 1833 nomen
1419 1757 1695 1852 matris,
1737 1766 1810 1832 et
1842 1748 1915 1849 (⁴)
1962 1759 2161 1832 nulla
2212 1758 2478 1832 semina
2533 1778 2842 1833 vocare-

502 1888 628 1953 tur
661 1880 963 1953 Athena.
1001 1878 1184 1952 Dicit
1235 1899 1415 1973 ergo
1471 1899 1660 1951 uxor
1694 1878 2065 1952 Pisistrato
2100 1878 2260 1952 viro
2294 1898 2453 1972 suo,
2494 1885 2576 1950 ut
2609 1879 2843 1975 magis

502 2007 800 2075 moveat
825 1990 900 2091 (⁶)
967 2020 1188 2073 eum:
1253 2021 1327 2071 se
1395 2007 1463 2071 tu
1525 2002 1619 2071 se’
1644 2001 1810 2090 sire,
1867 1998 2070 2090 idest,
2138 1998 2524 2092 dominus,
2591 1998 2650 2072 si
2709 2019 2845 2093 pro

503 2123 701 2217 quia,
754 2124 938 2193 della
989 2124 1181 2211 villa,
1226 2120 1688 2194 nobilissimae
1719 2110 1792 2211 (⁶)
1845 2119 2152 2195 civitatis
2201 2120 2682 2214 Athenarum,
2733 2122 2850 2193 del

504 2247 616 2318 cm·
664 2263 869 2315 nome
916 2244 1023 2315 ne'
1055 2244 1188 2315 Dei
1228 2245 1309 2335 fit
1360 2247 1555 2313 tanta
1606 2243 1741 2331 lite,
1804 2240 1994 2314 inter
2057 2239 2480 2333 Neptunum
2549 2245 2622 2312 et
2680 2241 2847 2312 Pal-

508 2363 789 2438 ladem:
844 2363 1032 2435 hanc
1081 2361 1281 2434 litem
1338 2359 1565 2455 tangit
1614 2360 1911 2434 Ovidius
1962 2360 2036 2431 in
2071 2360 2160 2432 VI
2194 2359 2503 2451 MaioriS,
2541 2358 2666 2431 ubi
2709 2358 2847 2431 fin-

505 2484 632 2581 git,
686 2481 882 2577 quod
944 2481 1180 2554 Pallas
1245 2481 1449 2553 hasta
1514 2500 1646 2553 sua
1710 2480 2066 2574 percussit
2130 2487 2407 2553 terram
2474 2485 2547 2552 et
2605 2478 2846 2551 subito

508 2609 676 2677 nata
728 2608 836 2678 est
886 2600 1098 2674 oliva.
1153 2600 1535 2693 Neptunus
1595 2619 1773 2673 vero
1833 2598 2041 2694 virga
2094 2620 2227 2672 sua
2289 2597 2645 2692 percussit
2697 2604 2847 2671 ter-

509 2744 667 2797 ram
721 2728 796 2796 et
845 2719 1085 2795 subito
1136 2725 1307 2793 nata
1361 2725 1470 2795 est
1518 2738 1736 2813 aqua.
1790 2718 1943 2792 Sub
2004 2719 2141 2792 hac
2206 2716 2492 2791 fictione
2544 2715 2840 2810 quidam

509 2844 767 2916 volunt
807 2839 1001 2934 quod
1038 2839 1430 2935 allegorice
1481 2822 1928 2934 intelligatur
1962 2838 2160 2931 quod
2196 2857 2551 2932 magnum
2606 2841 2849 2916 certa-

511 2983 686 3037 men
735 2961 868 3036 fuit
918 2960 1108 3034 inter
1157 2959 1516 3055 sapientes
1557 2959 1746 3032 illius
1784 2958 2007 3052 urbiS,
2043 2979 2138 3032 an
2175 2957 2428 3033 civitas
2462 2963 2654 3031 esset
2688 2978 2850 3030 ma-

510 3081 621 3179 gis
671 3079 1112 3155 nobilitanda
1163 3086 1238 3152 et
1288 3079 1736 3153 honestanda
1789 3078 1905 3152 vel
1956 3098 2045 3152 ex
2102 3076 2341 3151 studio
2392 3077 2852 3172 philosopho-

514 3222 709 3295 rum,
771 3199 887 3274 vel
939 3219 1029 3274 ex
1099 3198 1309 3273 lucro
1377 3205 1912 3292 mercatorum,
1978 3205 2050 3272 et
2108 3197 2402 3272 tandem
2468 3197 2851 3272 obtentum

511 3327 643 3414 est,
695 3319 892 3414 quod
942 3319 1252 3416 dignitas
1314 3318 1534 3391 huius
1604 3318 1805 3392 urbis
1865 3319 2104 3413 potius
2157 3324 2319 3393 erat
2380 3318 2451 3391 in
2504 3318 2852 3412 sapientia

514 3461 739 3534 quam
776 3439 848 3512 in
882 3439 1273 3534 opulentia.
1312 3438 1481 3513 Ideo
1521 3438 1728 3512 dicit:
1766 3442 1856 3512 ed
1886 3442 2067 3513 onde
2098 3443 2268 3531 oym'
2296 3442 2597 3512 scienzia
2631 3441 2855 3532 dissa-

513 3563 698 3634 villa.
752 3558 957 3635 Unde
1006 3558 1457 3655 Augustinus
1490 3550 1759 3633 ibidem
1796 3557 1999 3632 dicit:
2034 3559 2138 3632 lta
2173 3558 2294 3632 illa
2330 3557 2580 3632 civitas
2616 3565 2855 3633 mater

512 3686 643 3754 aut
695 3679 942 3753 nutrix
995 3678 1405 3753 liberalium
1459 3677 1986 3772 doctrinarum,
2040 3686 2111 3753 et
2175 3685 2281 3752 tot
2341 3686 2416 3752 et
2477 3684 2846 3752 tantorum

514 3797 1135 3893 philosophorum,
1189 3819 1336 3891 qua
1390 3798 1562 3871 nihil
1613 3798 1867 3872 habuit
1913 3798 2191 3871 Graecia
2228 3798 2497 3872 clarius
2538 3804 2612 3871 et
2646 3797 2856 3871 nobi-

517 3917 681 4011 liuS,
735 3916 1271 3993 ludificantibus
1330 3917 1784 3992 daemonibus
1833 3919 1925 3993 de
1987 3919 2110 3992 lite
2170 3917 2480 3993 deorum
2542 3938 2850 3991 suorum

520 4036 823 4111 masculi
874 4042 951 4110 et
998 4033 1289 4112 seminae
1340 4038 1433 4113 de
1482 4038 1785 4116 victoria
1837 4038 2151 4131 feminae,
2191 4058 2324 4133 per
2374 4036 2679 4113 seminas
2727 4049 2855 4113 ac-

518 4156 710 4251 cepit
759 4176 1029 4232 nomen
1077 4156 1420 4252 AthenaS,
1471 4165 1545 4233 et
1594 4156 1874 4233 offensa
1923 4178 1969 4231 a
2023 4158 2176 4231 Deo
2228 4158 2419 4233 victo
2480 4158 2857 4252 compulsa

667 4421 679 4449 ,
995 4422 1006 4434 .

643 4422 699 4559 {³3
732 4421 1065 4560 {³331}ss
1099 4515 1203 4552 non
1236 4501 1542 4565 prohibente
1574 4503 1946 4567 omnipotente,
1980 4501 2265 4553 effundere.

645 4573 698 4635 (³)
732 4573 794 4623 E.
827 4579 881 4624 et
911 4577 1051 4638 quod
1085 4579 1277 4628 nullus.
1749 4579 1801 4638 (⁸)
1834 4580 1897 4630 B.
1929 4584 1981 4629 et
2013 4580 2153 4642 quod
2188 4579 2350 4630 nulla.

646 4651 702 4711 (⁸)
731 4651 794 4700 E.
827 4659 1109 4706 removeat.
1747 4656 1800 4718 (⁸)
1836 4660 1942 4716 117,
1978 4656 2123 4718 idest,
2161 4656 2506 4707 nobilissima.
