3704 5559
836 460 982 523 426
1554 466 1965 521 couEN‘rUM
2016 464 2457 520 PURGATonn

834 622 907 690 et
959 614 1442 709 periculosam
1494 619 1782 706 oportet
1842 613 1953 687 ire
2019 612 2243 685 ductu
2302 609 2622 702 rationiS,
2675 630 2844 703 quae
2905 629 3177 702 reprae-

838 741 1172 809 sentatur
1223 754 1354 828 per
1407 732 1813 828 Virgilium.
1850 733 1939 805 Et
1986 732 2102 805 hic
2136 739 2309 805 nota
2346 729 2544 825 quod
2578 730 2717 803 sub
2752 728 2888 801 ista
2924 728 3177 822 pulcra

839 855 1128 930 fictione
1186 860 1401 949 poeta
1451 851 1797 955 admonet
1831 852 2205 926 hominem
2243 852 2622 925 turbatum
2659 849 2768 923 ira
2806 848 3013 942 sequi
3049 868 3178 922 ve-

840 976 1050 1071 stigia
1101 981 1176 1049 et
1227 973 1564 1066 exempla
1616 993 2057 1068 magnorum
2114 971 2526 1064 sapientum
2568 968 3171 1063 praeoedentium3

834 1095 1025 1169 sicut
1083 1095 1286 1166 Plato
1348 1092 1473 1185 qui
1542 1097 1700 1185 post
1764 1091 2059 1187 longam
2128 1088 2814 1185 peregrinationem,
2880 1088 2954 1160 in
3032 1107 3178 1180 qua

837 1214 1259 1288 visitaverat
1312 1233 1616 1308 magnos
1673 1211 2036 1305 sapientes
2098 1210 2411 1306 AEgypti,
2472 1208 2696 1283 Italiae
2758 1214 2833 1282 et
2897 1206 3177 1297 Siciliae,

840 1353 1186 1408 reversus
1237 1331 1532 1404 tandem
1585 1330 1660 1403 in
1712 1331 2023 1424 patriam
2055 1323 2128 1422 (¹)
2185 1329 2561 1405 inveniens
2617 1329 2810 1402 bona
2861 1348 2999 1401 sua
3051 1346 3179 1399 va-

838 1458 1025 1526 stata
1079 1451 1517 1547 negligentia
1569 1450 1806 1543 villici,
1863 1451 2095 1523 noluit
2144 1457 2322 1524 tunc
2382 1449 2682 1545 exigere
2742 1467 3037 1541 poenam
3090 1446 3180 1521 de

839 1593 930 1647 eo
982 1570 1299 1646 sentiens
1348 1591 1429 1645 se
1479 1572 1772 1644 iratum.
1809 1571 1898 1643 Et
1931 1571 2226 1645 Archita
2268 1571 2736 1665 philosophus
2776 1569 3179 1643 tarentinus

838 1713 883 1766 a
951 1712 1099 1786 quo
1177 1692 1378 1764 Plato
1455 1692 1684 1764 multa
1761 1690 2144 1784 didicerat,
2210 1710 2383 1763 cum
2458 1689 2690 1762 iratus
2745 1689 2904 1783 jam
2965 1687 3182 1761 vellet

839 1818 1230 1906 percutere
1280 1812 1642 1886 famulum
1680 1812 1986 1886 retraxit
2028 1831 2360 1903 manum,
2403 1815 2478 1884 et
2517 1808 2885 1883 commisit
2934 1828 3183 1882 corre-

841 1932 1157 2007 ctionem
1210 1931 1443 2025 alteri,
1496 1951 1590 2005 ne
1640 1932 2033 2006 excederet
2079 1929 2383 2004 modum
2435 1950 2569 2025 per
2620 1929 2809 2003 iram
2861 1949 3025 2022 quae
3064 1935 3179 2002 est

847 2052 1133 2125 initium
1187 2051 1496 2144 suroris3
1548 2057 1622 2126 et
1673 2051 1770 2125 ita
1821 2051 1913 2126 de
1964 2051 2234 2124 multis,
2272 2052 2467 2146 Ergo
2512 2051 2702 2124 bene
2738 2049 2893 2123 vult
2939 2049 3184 2122 dicere

846 2170 1221 2266 Virgilius:
1276 2170 1371 2242 fili
1428 2171 1554 2263 mi,
1588 2170 1644 2243 si
1696 2171 1806 2244 vis
1857 2171 2102 2244 omnia
2141 2191 2426 2265 regere,
2471 2176 2545 2245 te
2585 2170 2862 2244 subiice
2899 2168 3178 2243 rationi.

847 2330 945 2344 —
969 2283 1043 2363 Si
1092 2310 1302 2362 come.
1355 2289 1485 2362 Hic
1536 2295 1748 2383 poeta
1800 2290 2112 2365 ostendit
2163 2292 2534 2383 quomodo
2598 2290 2998 2385 prudenter
3056 2310 3185 2383 pa-

850 2408 995 2482 ruit
1038 2414 1404 2502 praecepto
1439 2408 1739 2504 Virgilii,
1774 2410 1947 2503 quia
1982 2411 2225 2483 statim
2263 2411 2564 2485 adhaesit
2597 2410 2755 2504 sibi,
2792 2430 2925 2504 per
2958 2429 3179 2482 unam

847 2529 1471 2623 comparationem
1523 2528 1875 2623 optimam
1913 2550 2081 2624 quae
2116 2537 2226 2603 est
2276 2531 2370 2605 de
2418 2551 2498 2605 se
2549 2530 2780 2624 clara3
2846 2530 3041 2604 unde
3078 2528 3187 2603 di-

848 2648 980 2722 cit:
1036 2652 1136 2722 Μ’
1154 2652 1445 2722 andava
1493 2652 1590 2740 i0,
1640 2655 1802 2743 post
1852 2655 2059 2746 terga
2111 2649 2387 2746 Virgilii
2455 2649 2792 2723 firmatus
2850 2650 3007 2744 sibi,
3048 2671 3183 2742 per

849 2769 895 2841 ἴ
922 2790 1087 2841 aere
1137 2790 1394 2841 amaro
1445 2791 1482 2841 e
1528 2790 1776 2860 sozzo,
1831 2769 1992 2843 talis
2045 2775 2244 2843 recte
2295 2775 2406 2844 est
2455 2769 2566 2844 ira
2614 2791 2780 2864 quae
2832 2769 3186 2845 amaricat

846 2888 1177 2962 animum
1232 2896 1307 2963 et
1357 2889 1717 2964 deformat
1767 2910 2057 2983 corpus,
2114 2896 2197 2961 ut
2247 2891 2502 2984 pulcre
2552 2891 2863 2966 ostendit
2915 2892 3190 2966 Tullius

847 3007 921 3080 in
971 3008 1407 3102 TusculanO,
1460 3016 1532 3083 et
1583 3009 1861 3084 Seneca
1913 3009 1987 3080 in
2039 3030 2176 3083 suo
2226 3009 2318 3083 de
2351 3009 2497 3104 ira3
2535 3016 2609 3084 et
2644 3030 2823 3085 vere
2867 3012 3191 3086 terribile

849 3133 925 3200 et
975 3134 1191 3222 turpe
1243 3128 1457 3201 nimis
1492 3135 1603 3203 est
1638 3129 1892 3203 videre
1941 3129 2315 3203 hominem
2371 3130 2878 3205 fulminantem
2914 3131 2987 3203 in
3037 3130 3184 3204 ira-

847 3245 1113 3320 cundia
1164 3267 1324 3340 sua,
1376 3268 1420 3320 a
1472 3247 1708 3340 simili,
1759 3239 1819 3319 εὶ
1858 3268 2050 3319 come
2091 3253 2273 3321 cieco
2307 3270 2399 3322 va
2433 3253 2656 3323 dicero
2691 3271 2739 3322 a
2769 3272 2900 3322 sua
2942 3252 3188 3341 quida,

847 3386 982 3461 pro
1034 3367 1270 3440 salute
1319 3387 1476 3460 sua,
1521 3388 1657 3458 per
1707 3388 1851 3439 non
1900 3372 2298 3460 smarrirsi,
2352 3370 2555 3464 idest,
2594 3390 2689 3445 ne
2738 3370 3101 3446 exorbitet
3144 3392 3188 3443 a

850 3485 968 3560 via
1021 3491 1244 3579 recta,
1296 3487 1413 3559 vel
1467 3486 1665 3580 quod
1721 3486 1931 3581 peius
1986 3496 2199 3582 esset,
2241 3509 2378 3580 per
2439 3511 2583 3562 non
2631 3493 2772 3563 dar
2823 3494 2899 3564 di
2945 3512 3189 3582 cozzo,

850 3606 1055 3701 idaet,
1106 3627 1201 3680 ne
1250 3605 1554 3680 incutiat
1604 3607 2034 3700 improvide,
2084 3611 2160 3680 in
2211 3628 2379 3680 cosa
2429 3611 2550 3681 cloe
2574 3611 2625 3682 'l
2671 3614 2962 3700 molesti,
3006 3610 3193 3683 sicut

848 3726 922 3800 in
988 3726 1268 3822 lignum
1333 3727 1448 3802 vel
1513 3727 1584 3800 in
1648 3726 1959 3821 ferrum,
2026 3726 2224 3821 quod
2275 3729 2645 3801 concutiat
2705 3728 2838 3802 sibi
2906 3728 3189 3822 faciem,

850 3868 894 3919 o
935 3850 1131 3940 forse
1189 3849 1474 3938 ancida,
1526 3847 1718 3921 sicut
1767 3848 1842 3921 in
1902 3867 2181 3941 equum
2237 3849 2354 3922 vel
2418 3848 2491 3922 in
2544 3855 2846 3922 taurum
2899 3849 3191 3923 iratum.

848 3968 936 4040 Et
968 3966 1072 4040 sic
1111 3976 1283 4042 nota
1324 3969 1641 4061 qualiter
1692 3974 1910 4062 poeta
1962 3976 2210 4043 noster
2245 3968 2740 4062 propriissime
2780 3975 2995 4042 vocat
3046 3969 3191 4042 ira-

851 4092 1009 4160 tum
1074 4107 1396 4161 caecum:
1452 4107 1630 4162 vere
1678 4087 1875 4162 enim
1930 4087 2160 4162 iratus
2212 4094 2322 4163 est
2373 4108 2614 4162 caecus
2671 4095 2747 4162 et
2803 4088 3192 4183 plusquam

850 4228 1125 4300 caecus3
1161 4227 1403 4281 caecus
1433 4200 1506 4299 (²)
1561 4208 1757 4283 enim
1809 4207 1978 4282 licet
2029 4208 2284 4302 perdat
2321 4209 2672 4284 visionem
2710 4208 3193 4304 corporalem,

854 4346 1000 4401 non
1068 4332 1316 4400 tamen
1383 4327 1618 4420 perdit
1681 4328 2103 4422 mentalem,
2167 4329 2317 4402 imo
2378 4328 2612 4426 magis
2674 4328 3071 4403 intenditur
3122 4326 3193 4400 in

976 4588 1032 4652 (¹)
1065 4588 1127 4638 E.
1159 4589 1211 4638 in
1246 4590 1464 4652 patriam
1497 4603 1642 4640 sunm
1676 4591 1956 4642 inveniens.
2334 4589 2393 4654 (¹)
2424 4592 2487 4643 B.
2517 4593 2637 4656 quin
2671 4605 2840 4642 cacus
2871 4591 3008 4641 licet.
