3704 5559
1375 491 1563 544 cANT
1573 494 1652 546 us
1703 493 2109 547 vlcsssmus.
2719 486 2857 552 519

517 638 822 730 bonum,
876 635 1094 729 quale
1157 642 1315 711 erat
1367 658 1645 731 meum,
1707 641 1857 710 mal
1903 659 2178 732 puyna,
2243 640 2535 734 scilicet,
2596 642 2863 717 iniuste

519 763 592 831 et
644 756 982 847 indebite,
1034 763 1284 829 contra
1333 760 1615 847 miylior
1665 761 1885 847 voler,
1937 758 2156 850 quale
2215 766 2373 833 erat
2427 761 2611 862 velle
2674 761 2863 835 illius

517 877 834 950 Adriani.
889 878 1112 951 Poeta
1156 878 1351 951 enim
1392 879 1677 952 volebat
1713 878 1953 953 adhuc
1986 878 2184 971 loqui
2222 899 2393 952 cum
2432 881 2553 955 illo
2588 882 2858 976 aliqua,

521 1017 665 1071 non
715 1005 965 1072 tamen
1017 999 1452 1091 necessaria,
1506 998 1632 1071 sed
1683 999 2162 1072 accommoda
2214 1000 2304 1073 ad
2358 1021 2569 1074 suam
2626 1009 2865 1076 mate—

523 1117 749 1190 riam:
787 1123 861 1192 et
891 1116 1252 1192 Adrianus
1289 1118 1580 1192 volebat
1623 1118 1891 1192 reverti
1928 1117 2022 1191 ad
2059 1119 2571 1192 maturandam
2628 1122 2865 1214 poeni-

521 1238 822 1311 tentiam
876 1259 1104 1332 quam
1158 1239 1371 1310 nimis
1423 1237 1843 1311 tardaverat
1895 1238 1969 1309 in
2009 1237 2203 1330 vita3
2241 1239 2404 1312 ideo
2440 1239 2646 1312 dicit:
2684 1243 2867 1313 onde

519 1365 769 1430 contra
800 1361 851 1431 ’l
884 1361 1133 1450 piacet·
1182 1361 1347 1449 mic,
1392 1380 1526 1450 per
1565 1360 1889 1449 piacerli,
1935 1358 2104 1451 quia
2159 1357 2663 1433 licentiaverat
2718 1381 2864 1455 me,

519 1482 734 1550 vassi
779 1481 935 1550 dell'
956 1499 1209 1570 acqua,
1262 1479 1465 1570 idest,
1500 1478 1710 1551 hausi
1745 1477 1838 1551 de
1872 1477 2071 1551 fonte
2105 1498 2242 1551 suo
2271 1472 2369 1571 (¹),
2406 1478 2498 1552 de
2534 1478 2865 1554 doctrina

518 1619 675 1691 sua,
712 1599 885 1693 quia
921 1600 1194 1694 optime
1229 1604 1707 1694 peroraverat
1740 1602 1997 1672 contra
2033 1597 2441 1692 avaritiam,
2479 1620 2623 1672 non
2658 1603 2865 1672 sazia

520 1721 593 1790 la
640 1739 942 1809 spuqna,
994 1719 1195 1812 idest,
1253 1740 1396 1792 non
1450 1724 1619 1792 ente
1668 1717 1925 1790 satiata
1990 1717 2311 1813 spongia,
2366 1719 2573 1810 quasi
2626 1719 2859 1795 dicat:

520 1840 846 1913 nondum
899 1845 1317 1913 contentato
1368 1839 1615 1913 animo
1669 1858 1837 1912 meo
1889 1837 2287 1911 sitibundo:
2332 1840 2495 1912 ideo
2547 1859 2641 1913 ne
2691 1859 2862 1934 per-

517 1960 771 2033 derem
826 1965 1136 2054 tempus,
1191 1961 1524 2049 mossimi,
1559 1980 1597 2029 e
1629 1960 1683 2030 il
1712 1961 1891 2030 duca
1927 1961 2089 2048 mic,
2127 1959 2251 2050 qui
2286 1949 2358 2049 (²)
2398 1959 2859 2052 praecedebat

519 2100 664 2171 me,
716 2082 778 2150 si
828 2099 1048 2150 mosse
1093 2100 1225 2169 per
1276 2081 1327 2150 li
1375 2080 1610 2167 luoylzi
1640 2079 1947 2168 espediti,
1991 2076 2194 2170 idest,
2230 2097 2363 2170 per
2414 2079 2572 2150 loca
2628 2098 2862 2152 vacua

519 2220 667 2272 non
720 2205 1070 2292 occupata
1120 2198 1215 2270 ab
1268 2198 1400 2270 illis
1429 2188 1503 2288 (³)
1557 2197 1925 2290 spiritibus
1967 2197 2401 2291 jacentibuS,
2446 2219 2591 2289 pur
2654 2201 2867 2289 lunqo

519 2321 592 2389 la
639 2321 902 2408 roc-cia,
954 2317 1156 2410 idest,
1211 2337 1438 2411 prope
1491 2317 1724 2410 ripam
1771 2316 2058 2409 montiS,
2096 2318 2304 2409 quasi
2357 2318 2584 2390 dicat:
2640 2318 2867 2412 coepi-

522 2459 688 2510 mus
741 2437 849 2511 ire
898 2458 1030 2532 per
1080 2458 1309 2510 unam
1362 2436 1556 2510 viam
1609 2443 1919 2530 arctam,
1972 2457 2140 2529 quae
2205 2443 2312 2510 est
2380 2439 2618 2513 media
2673 2440 2864 2512 inter

521 2563 848 2630 montem
901 2564 974 2630 et
1024 2578 1313 2648 avarOS,
1364 2578 1409 2629 a
1462 2556 1698 2649 simili,
1734 2577 1925 2628 come
1973 2559 2036 2626 si
2085 2577 2176 2628 va
2206 2579 2341 2648 per
2392 2578 2595 2629 muro
2628 2564 2866 2630 stretto

521 2679 588 2747 a’
625 2679 850 2768 merli,
918 2697 1011 2749 ne
1076 2676 1299 2748 homo
1363 2675 1665 2748 faciliter
1726 2675 1959 2748 cadat.
2026 2676 2111 2746 Et
2174 2675 2492 2771 assignat
2556 2697 2856 2750 causam

517 2795 680 2869 talis
749 2795 905 2888 viae,
978 2796 1149 2888 quia
1218 2796 1421 2869 avari
1493 2796 1951 2889 occupabant
2019 2804 2305 2889 partem
2375 2797 2864 2890 exteriorem3

520 2916 714 2988 unde
748 2915 950 2988 dicit:
988 2911 1110 2988 che*
1138 2919 1210 2987 la
1244 2922 1465 3006 ¹qente,
1502 2916 1793 3009 scilicet,
1830 2921 2027 2989 secta
2078 2938 2481 2990 avarorum
2536 2919 2859 2992 maxima

517 3038 634 3107 che
677 3039 916 3128 fonde,
968 3035 1171 3128 idest,
1211 3036 1471 3109 emittit
1506 3042 1579 3110 et
1614 3036 1932 3129 expellit,
1972 3058 2019 3108 a
2052 3040 2296 3126 yoccia
2331 3058 2378 3108 a
2410 3041 2679 3127 yoccia,
2724 3038 2865 3111 sci-

516 3154 705 3247 licet,
760 3155 1110 3249 plorando
1162 3162 1233 3229 et
1286 3154 1758 3251 lacrymando
1810 3155 1882 3226 in
1933 3156 2444 3251 purgationem
2500 3157 2865 3251 lacryma-

518 3297 686 3348 rum
740 3275 1104 3348 inutilium
1158 3296 1342 3369 quas
1392 3276 1570 3349 alias
1623 3277 1916 3349 fecerat.
1970 3276 2291 3351 Avaritia
2343 3276 2565 3369 enim,
2626 3282 2706 3349 ut
2765 3277 2866 3349 ait

519 3395 916 3490 EuripideS,
953 3398 1122 3469 satis
1174 3397 1393 3470 habet
1444 3397 1517 3469 in
1569 3416 1648 3469 se
1686 3417 2104 3489 poenarum,
2143 3398 2461 3470 multum
2500 3399 2868 3494 lacryma-

519 3537 688 3589 rum
726 3523 800 3590 et
831 3517 1168 3591 laborum
1224 3517 1487 3612 exigit3
1531 3524 1604 3589 et
1640 3521 1790 3588 tam
1833 3516 2054 3589 miser
2089 3523 2196 3589 est
2232 3538 2502 3590 avarus
2541 3524 2622 3590 ut
2657 3518 2865 3611 quic-

518 3636 691 3728 quid
762 3657 906 3708 non
971 3637 1283 3730 acquirit
1346 3637 1702 3709 damnum
1754 3642 1984 3729 putet,
2036 3638 2091 3708 il
2150 3640 2317 3726 mal,
2371 3636 2662 3728 scilicet,
2717 3638 2863 3709 cri-

521 3774 692 3827 men
742 3755 1089 3848 avaritiae,
1142 3758 1262 3827 che
1312 3761 1477 3828 tutto
1528 3758 1582 3827 il
1626 3756 1887 3826 mondo
1948 3775 2260 3846 occupa,·
2315 3756 2597 3826 nullum
2665 3756 2858 3828 enim

520 3878 631 3945 est
680 3871 935 3945 vitium
990 3873 1179 3946 inter
1214 3874 1482 3967 omnia,
1520 3874 1717 3966 quod
1752 3874 2076 3969 impellat
2110 3874 2481 3947 hominem
2520 3875 2611 3947 ad
2646 3876 2860 3968 plura

521 3998 594 4066 et
646 3993 924 4067 maiora
975 3994 1208 4066 mala:
1262 3994 1485 4067 homo
1537 3994 1732 4067 enim
1787 4000 2003 4066 natus
2054 3994 2318 4088 nuduS,
2369 3994 2703 4088 plurimis
2756 3995 2865 4068 in-

517 4113 792 4209 digenS,
844 4114 1096 4188 videns
1147 4113 1343 4207 quod
1395 4134 1530 4207 pro
1581 4113 1883 4187 denario
1916 4103 1989 4205 (⁴)
2042 4115 2250 4206 quasi
2311 4114 2556 4188 omnia
2608 4135 2865 4189 neces-

519 4233 708 4306 saria
761 4232 1011 4306 haberi
1064 4240 1390 4326 possunt,
1436 4233 1739 4306 faciliter
1780 4233 2169 4309 inclinatur
2197 4226 2274 4326 (⁸)
2317 4235 2410 4308 ad
2451 4234 2697 4308 omnia
2734 4254 2866 4329 per

521 4373 688 4445 quae
738 4354 957 4446 possit
1010 4354 1213 4427 illum
1269 4353 1583 4446 habere,
1620 4360 1872 4445 troppo
1904 4357 1961 4424 ,ς’
1988 4358 2367 4446 approccia
2400 4359 2474 4428 in
2503 4360 2672 4450 [τιον
2708 4360 2866 4429 dal-

646 4535 701 4597 (¹)
735 4536 796 4585 E.
827 4550 938 4596 suo,
973 4538 1103 4586 idest
1134 4538 1197 4587 de
1230 4538 1481 4588 doctrina.
1608 4536 1666 4596 (²)
1699 4538 1759 4586 Ε.
1793 4539 1913 4600 quia
1949 4539 2286 4601 praecedebat.
2413 4540 2466 4601 (’)
2501 4544 2609 4601 117,
2643 4540 2768 4590 istis·

646 4611 700 4675 (ὓ)
734 4611 795 4660 Ε.
830 4625 925 4674 pro
958 4613 1194 4663 denariis.
1610 4612 1665 4676 (⁸)
1699 4614 1757 4662 E.
1792 4614 2099 4664 declinatur.
