3704 5559
839 466 930 531 40
1561 472 1967 527 coMENTUM
2019 475 2454 528 PURGATonu

837 620 1253 694 suasionem
1306 616 1579 714 Virgilii
1630 616 1912 690 dederit
1963 617 2065 690 eis
2116 639 2439 712 passum,
2474 625 2549 691 et
2598 618 2938 710 quaedam
2992 641 3185 714 prae-

834 748 1044 836 cepta
1071 737 1449 814 servanda.
1480 737 1568 809 Et
1591 738 1831 832 primo
1858 737 2167 811 ostendit
2197 738 2568 831 quomodo
2589 738 2765 812 Cato
2792 740 3183 834 respondet

833 862 1172 937 secundae
1198 859 1390 954 parti
1427 858 1811 953 petitionis,
1844 858 1965 931 ubi
2007 859 2346 954 Virgilius
2387 859 2872 952 requisiverat
2904 882 3080 935 eum
3107 855 3179 955 (⁴)

833 1003 964 1077 per
1001 1001 1338 1055 amorem
1375 979 1681 1071 Martiae3
1719 985 1793 1052 et
1832 978 2003 1051 dicit
2041 979 2374 1053 breviter
2415 980 2610 1072 quod
2657 981 3012 1073 quamdiu
3049 981 3185 1054 suit

832 1121 1111 1193 secum,
1167 1098 1339 1172 nihil
1388 1097 1522 1171 sibi
1571 1106 1866 1193 gratum
1918 1098 2326 1193 denegavit.
2374 1099 2643 1173 Ordina
2691 1100 2792 1173 sic
2846 1100 3178 1175 literam:

834 1223 998 1294 diss'
1024 1223 1136 1292 elli
1191 1222 1453 1308 altera,
1511 1217 1782 1291 scilicet
1854 1218 1972 1291 ille
2030 1218 2253 1292 Cato:
2309 1222 2596 1290 Marzia
2635 1223 2933 1311 piaeque
2987 1227 3179 1293 tanco

834 1343 981 1431 ayli
1041 1341 1232 1411 ocelzi
1289 1341 1472 1427 miei,
1523 1358 1695 1411 cum
1749 1337 1900 1410 suis
1949 1339 2179 1411 oculis
2231 1340 2467 1433 castis,
2523 1348 2783 1412 mentre
2832 1344 2933 1413 ch'
2959 1344 3029 1413 io
3073 1345 3181 1433 sui

834 1464 910 1535 di
945 1482 1113 1552 qua,
1142 1458 1347 1552 idest,
1374 1458 1727 1552 quamdiu
1762 1458 1867 1530 fui
1904 1458 1974 1531 in
2013 1458 2131 1532 illo
2174 1459 2398 1533 limbo
2448 1460 2635 1534 inter
2686 1460 3025 1555 illustreS,
3060 1463 3180 1533 che

834 1587 1088 1671 quante
1108 1581 1360 1670 yrazie
1394 1581 1571 1651 volle
1604 1580 1701 1649 da
1742 1598 1850 1649 me
1884 1580 2007 1671 fei,
2042 1577 2168 1651 sed
2205 1586 2454 1671 postea
2491 1600 2938 1673 numquam3
2984 1580 3179 1654 unde

831 1700 1046 1774 dicit:
1100 1719 1187 1770 or
1238 1718 1480 1770 mover
1529 1717 1675 1769 non
1726 1700 1821 1769 mi
1864 1690 2006 1790 pud
2047 1694 2201 1789 piic,
2252 1698 2456 1791 idest,
2501 1720 2696 1772 nunc
2745 1720 2892 1773 non
2941 1706 3181 1794 potest

831 1819 1144 1913 amplius
1193 1818 1490 1893 flectere
1541 1838 1663 1892 me
1712 1817 2076 1912 precibuS,
2118 1822 2248 1911 poi
2303 1822 2421 1891 elle
2483 1822 2764 1892 dimora
2812 1822 2887 1893 di
2935 1810 3009 1892 ἰὰ
3058 1823 3186 1893 dal

833 1942 982 2011 mal
1019 1941 1255 2030 fiume,
1291 1936 1494 2030 idest,
1538 1936 1613 2009 in
1653 1936 1939 2010 inferno
1974 1957 2107 2031 per
2143 1958 2369 2030 quem
2406 1946 2646 2012 totum
2683 1939 2950 2013 labitur
2986 1939 3180 2013 mala

829 2078 1026 2150 aqua
1050 2056 1504 2148 AcherontiS,
1540 2076 1708 2149 quae
1744 2062 1985 2129 mutat
2019 2077 2290 2131 nomen
2327 2058 2399 2130 in
2433 2058 2737 2133 diversis
2771 2059 2969 2153 locis,
3015 2059 3184 2133 licet

834 2176 927 2249 sit
976 2181 1262 2249 tantum
1318 2195 1466 2248 una
1515 2196 1749 2266 aqua:
1803 2195 1944 2270 ego
1995 2196 2175 2250 vero
2210 2184 2322 2251 sto
2357 2177 2540 2251 citra
2572 2200 2845 2271 aquam
2883 2186 3180 2254 contra-

836 2296 1023 2370 riam
1078 2295 1176 2367 illi
1227 2315 1395 2387 quae
1448 2302 1557 2368 est
1606 2294 2080 2391 innominata,
2117 2304 2192 2372 et
2230 2299 2550 2394 assignat
2589 2319 2889 2372 causam
2944 2319 3180 2391 quare

836 2435 985 2488 non
1033 2414 1257 2509 possit
1315 2414 1598 2488 moveri
1648 2414 1940 2488 dicens:
1987 2437 2120 2508 per
2170 2421 2397 2508 quella
2448 2422 2641 2508 leyye
2700 2421 2819 2490 che
2870 2421 3054 2511 salla
3097 2423 3180 2512 su

834 2536 1117 2626 quando
1165 2555 1274 2606 me
1321 2536 1391 2604 n’
1416 2537 1581 2606 usci’
1623 2538 1862 2627 suora.
1925 2536 2012 2608 Et
2064 2537 2179 2611 hic
2229 2544 2401 2611 nota
2452 2539 2648 2631 quod
2710 2545 2923 2632 poeta
2973 2539 3181 2635 fingit

833 2653 1032 2748 quod
1083 2654 1260 2727 Cato
1309 2653 1532 2727 fuerit
1579 2653 1990 2727 abstractus
2049 2656 2142 2730 de
2211 2656 2435 2731 limbo
2484 2678 2617 2752 per
2668 2658 3060 2753 Christum,
3103 2664 3180 2732 et

833 2775 1228 2849 translatus
1277 2773 1372 2849 ad
1422 2773 1826 2848 custodiam
1884 2774 2102 2848 huius
2153 2777 2600 2873 purgatorii3
2652 2785 2725 2853 et
2776 2784 2952 2852 tunc
2987 2778 3177 2853 facta

832 2902 943 2970 est
992 2916 1183 2970 nova
1229 2896 1372 2989 lex,
1415 2895 1613 2988 quod
1665 2895 2119 2989 quicumque
2161 2896 2466 2971 intraret
2518 2898 2912 2992 infernum,
2959 2920 3179 2972 num-

832 3037 1057 3110 quam
1095 3023 1345 3111 postea
1384 3015 1641 3109 exiret,
1686 3036 1852 3108 quae
1895 3017 2015 3090 lex
2053 3037 2199 3089 non
2231 3018 2437 3112 prius
2470 3024 2653 3112 erat,
2691 3020 2862 3112 quia
2902 3019 3181 3114 antiqui

830 3143 1076 3230 patres
1110 3140 1588 3230 speraverant
1620 3135 1742 3208 diu
1781 3137 2099 3212 evadere
2132 3158 2177 3210 a
2205 3158 2504 3213 carcere
2540 3138 2660 3212 illo
2678 3163 2699 3233 3
2736 3140 2898 3213 ideo
2932 3140 3179 3214 anima

831 3254 1178 3328 damnata
1228 3274 1375 3327 non
1425 3260 1664 3348 potest
1711 3256 2026 3349 amplius
2079 3277 2384 3332 movere
2423 3257 2747 3332 animam
2799 3259 3175 3332 salvatam.

831 3374 967 3448 Alii
1017 3380 1268 3448 tamen
1317 3381 1695 3467 exponunt
1745 3375 1944 3467 quod
1995 3376 2174 3450 Cato
2225 3378 2297 3449 in
2347 3378 2496 3451 vita
2558 3378 2807 3451 omnia
2870 3377 3179 3451 faciebat

830 3513 1091 3568 amore
1138 3494 1429 3567 virtutis
1479 3500 1554 3568 et
1615 3495 2056 3589 honestatis;
2119 3496 2246 3570 sed
2311 3517 2508 3571 nunc
2558 3498 2927 3594 cognoscit
2977 3499 3178 3593 quod

830 3612 1130 3687 felicitas
1181 3634 1327 3687 non
1376 3613 1696 3688 consistit
1754 3614 1828 3688 in
1893 3615 2166 3688 virtute
2224 3618 2341 3690 vel
2405 3617 2801 3712 honestate,
2869 3617 3037 3693 licet
3086 3619 3176 3692 sit

829 3734 948 3808 via
997 3734 1092 3809 ad
1141 3734 1578 3809 felicitatem.
1630 3734 1764 3807 Alii
1798 3734 2051 3809 dicunt
2085 3735 2283 3829 quod
2329 3757 2519 3810 nova
2556 3738 2674 3811 lex
2709 3736 2897 3812 facta
2932 3743 3042 3812 est
3071 3728 3173 3833 (²),

829 3854 1101 3929 scilicet
1163 3853 1606 3950 evangelica,
1680 3874 1848 3947 quae
1920 3856 2080 3929 vult
2143 3855 2340 3949 quod
2408 3863 2646 3931 morte
2720 3857 2812 3930 sit
2885 3857 3173 3931 finitum

832 3974 1409 4068 matrimonium,
1462 3973 1561 4047 ita
1613 3973 1812 4066 quod
1862 3973 1922 4047 si
1973 3974 2148 4048 Cato
2201 3981 2629 4071 resurgeret
2667 3977 2883 4051 hodie
2934 3983 3175 4073 posset

826 4093 1103 4169 ducere
1150 4094 1368 4166 aliam
1424 4113 1766 4187 uxorem,
1817 4093 2148 4168 similiter
2198 4095 2449 4169 Martia
2499 4094 2729 4168 alium
2782 4095 3048 4170 virum.
3087 4097 3176 4170 Et

825 4214 929 4288 sic
976 4213 1299 4289 dicentes
1348 4220 1724 4308 exponunt
1773 4213 1973 4286 illam
2003 4214 2313 4308 literam,
2352 4222 2613 4289 mentre
2661 4218 2782 4289 che
2830 4220 2932 4310 fu'
2961 4220 3038 4292 di
3072 4207 3173 4307 ἰὰ,

825 4332 1096 4407 scilicet
1146 4332 1220 4405 in
1256 4333 1533 4406 mundo
1567 4333 1820 4407 vivens
1856 4353 2028 4407 cum
2066 4354 2178 4428 ea,
2216 4345 2290 4410 et
2326 4342 2502 4410 tunc
2535 4336 2672 4410 feci
2706 4337 2838 4411 sibi
2873 4358 3170 4413 omnem

947 4583 1003 4648 (¹)
1041 4588 1145 4645 117,
1180 4584 1349 4635 illum.
1722 4586 1778 4650 (¹)
1812 4587 1874 4637 E.
1906 4592 1984 4638 est
2015 4588 2327 4653 evangelica,
2362 4603 2479 4654 quae
2513 4589 2643 4640 vult.
