3704 5559
884 501 1022 566 114
1602 506 2009 560 comm-rma
2061 505 2501 559 PURGA'ronu
2603 511 2608 517 ’

877 654 1226 750 temporis
1278 652 1738 744 transiverat,
1783 649 1979 745 quod
2015 650 2166 745 ipse
2218 670 2363 723 non
2405 648 2912 743 perpenderat.
2957 647 3222 722 Volens

875 783 1127 850 autem
1183 776 1321 848 hoc
1372 773 1759 847 ostendere
1810 770 2182 865 praemittit
2233 769 2801 843 abstractionem
2861 788 3029 861 quae
3088 768 3223 841 ali-

746 994 751 1001 *
877 895 1172 990 quando
1222 894 1480 969 accidit
1515 894 1778 967 animae
1816 898 2107 983 nostrae,
2144 889 2416 963 scilicet
2449 888 2645 983 quod
2700 889 2799 962 ita
2851 887 3219 962 interdum

875 1021 1285 1109 occupatur
1335 1020 1485 1088 tota
1527 1014 1724 1087 circa
1761 1031 1989 1085 unam
2025 1009 2460 1105 passionem,
2498 1007 2696 1102 quod
2735 1028 2880 1080 non
2915 999 3219 1099 vacat(⁴)

878 1135 1095 1208 alicui
1132 1134 1343 1208 alteri
1398 1134 1500 1208 rei
1552 1133 1645 1207 de
1695 1131 2014 1226 mundo;
2052 1131 2241 1204 sicut
2275 1129 2626 1225 contingit
2659 1129 2732 1202 in
2770 1129 2936 1202 forti
2981 1128 3227 1202 laetitia

882 1255 997 1329 vel
1050 1255 1374 1349 tristitia;
1427 1255 1615 1328 sicut
1645 1247 1717 1346 (²)
1782 1255 1882 1327 ita
1943 1251 2390 1325 abstrahitur
2458 1251 2652 1325 circa
2722 1258 3046 1343 cantum,
3109 1251 3224 1325 vel

884 1374 1281 1468 planctum,
1335 1375 1531 1469 quod
1584 1374 1757 1447 nihil
1808 1373 2010 1447 aliud
2060 1372 2332 1445 sentire
2379 1370 2688 1444 videtur.
2727 1371 2937 1443 Nunc
2971 1369 3224 1443 ordina

882 1493 1195 1588 literam,
1256 1515 1425 1588 quae
1490 1515 1634 1568 non
1695 1501 1806 1568 est
1877 1493 2117 1565 minus
2186 1491 2519 1564 intricata
2579 1511 2804 1583 quam
2869 1490 3224 1564 sententia

882 1612 1323 1708 abscondita,
1378 1621 1452 1688 et
1502 1620 1845 1688 construe
1915 1611 2062 1685 sic:
2125 1615 2456 1702 Fanima,
2525 1610 2793 1683 scilicet
2857 1609 3227 1683 rationalis

883 1731 1345 1827 intellectiva,
1394 1755 1545 1827 par
1607 1737 1709 1806 ck'
1737 1754 1785 1804 a
1836 1730 2030 1805 nulla
2079 1733 2411 1823 potenzia
2462 1724 2584 1821 pie)
2652 1731 2960 1820 intendet,
3011 1729 3230 1823 idest,

883 1851 1175 1926 videtur
1224 1874 1492 1928 vacare
1542 1853 1721 1927 nulli
1751 1843 1824 1945 (³)
1882 1852 2221 1948 potentiae
2271 1850 2720 1945 particulari,
2772 1850 2897 1923 sed
2944 1858 3224 1924 tantum

883 1971 1016 2044 soli
1044 1972 1386 2066 potentiae
1426 1973 1923 2047 intellectivae:
1961 1975 2243 2065 quando
2270 1973 2398 2044 ben
2430 1974 2493 2044 si
2522 1973 2873 2062 raccoqlie
2906 1975 3006 2044 ad
3041 1993 3225 2062 essa,

883 2089 1092 2184 idest,
1145 2092 1438 2185 quando
1490 2093 1642 2187 ipsa
1675 2093 1923 2166 anima
1960 2092 2243 2167 fortiter
2294 2111 2374 2165 se
2418 2090 2786 2186 restringit
2829 2090 2921 2164 ad
2966 2111 3067 2185 se,
3102 2112 3233 2183 per

884 2212 1254 2283 diletcanze
1303 2232 1518 2285 ovver
1564 2234 1697 2305 per
1747 2215 2002 2305 doque,
2057 2212 2241 2286 idest
2281 2218 2577 2305 propter
2617 2210 2884 2306 gaudia
2939 2232 3228 2307 magna,

888 2329 1006 2402 vel
1067 2329 1379 2426 doloreS,
1449 2335 1567 2405 che
1636 2335 1894 2405 alcuna
1947 2327 2140 2404 vertit
2207 2339 2457 2403 nostra
2515 2334 2968 2422 comprenda,
3023 2320 3229 2425 idest,

891 2470 1076 2543 quas
1126 2452 1638 2527 delectationes
1690 2461 1765 2526 et
1796 2441 1870 2543 (⁴)
1921 2451 2233 2545 doloreS,
2285 2451 2528 2544 aliqua
2583 2457 2832 2525 nostra
2883 2451 3229 2545 potentia,

888 2568 1079 2643 sicut
1128 2572 1447 2647 auditiva
1503 2575 1616 2647 vel
1672 2573 1922 2666 visiva,
1961 2572 2060 2646 ita
2110 2572 2347 2666 capiat
2398 2578 2474 2644 et
2526 2569 2822 2665 recipiat
2874 2570 3056 2645 fixe:
3099 2571 3233 2644 ali-

891 2692 1016 2787 qui
1053 2699 1299 2767 tamen
1339 2700 1581 2768 textus
1623 2695 1894 2768 babent
1944 2696 2244 2765 l’am'ma
2278 2693 2536 2783 buona,
2580 2692 2705 2765 sed
2751 2692 2984 2787 prima
3022 2692 3232 2766 litera

890 2821 1000 2889 est
1051 2816 1332 2889 melior.
1371 2817 1456 2890 Et
1490 2816 1836 2890 continuo
1890 2816 2275 2890 confirmat
2312 2824 2386 2889 et
2419 2816 2656 2910 glosat
2697 2814 2974 2888 dictum
3013 2834 3231 2887 suum

885 2954 1019 3029 per
1069 2935 1331 3009 effectu
1344 2958 1439 3028 m,
1491 2936 1784 3010 dicens:
1839 2958 1877 3008 e
1920 2927 2123 3028 perd,
2163 2938 2446 3026 quando
2480 2938 2535 3006 s'
2564 2938 2696 3007 ode
2735 2956 2903 3008 cosa
2946 2956 2990 3007 0
3041 2936 3235 3024 vede,

887 3055 1178 3149 scilicet,
1232 3056 1500 3150 aliquid
1566 3056 1991 3130 delectabile
2050 3056 2165 3130 vel
2239 3055 2587 3128 tristabile
2645 3076 2777 3149 per
2837 3054 3232 3150 potentiam

887 3175 1335 3268 sensitivam,
1385 3179 1504 3248 che
1554 3183 1761 3267 leyna
1806 3181 1992 3270 sorte
2043 3197 2092 3247 a
2132 3169 2212 3249 se*
2259 3179 2302 3247 Γ
2332 3179 2571 3248 am'ma
2619 3178 2829 3268 volta,
2866 3175 3070 3268 idest,
3104 3196 3239 3269 po-

886 3292 1192 3366 tentiam
1263 3294 1774 3369 intellectivam
1847 3296 2199 3370 intentam
2270 3302 2345 3369 et
2417 3296 2714 3391 ligatam
2787 3296 2980 3370 circa
3057 3294 3238 3368 illud

892 3432 1151 3505 unum,
1207 3434 1492 3487 vas-sene
1527 3417 1576 3487 'l
1623 3422 1845 3507 tempo
1898 3437 1934 3487 e
1983 3419 2026 3487 Γ
2053 3437 2216 3488 nom
2268 3437 2408 3488 non
2460 3438 2534 3488 se
2596 3420 2663 3488 η’
2690 3419 2976 3508 avvede,
3027 3415 3236 3509 idest,

892 3550 1038 3603 non
1092 3532 1506 3626 perpendit3
1545 3542 1618 3607 et
1662 3533 1986 3608 declarat
2033 3538 2173 3611 hoc
2217 3536 2512 3610 dicens:
2565 3538 2665 3608 ch’
2693 3539 2883 3608 altra
2907 3538 3238 3628 potenzia

889 3646 931 3724 e*
976 3653 1204 3743 quella
1253 3653 1372 3724 che
1420 3653 1768 3745 l‘ascolla,
1822 3655 2028 3750 idest,
2066 3656 2405 3730 sensitiva
2449 3676 2581 3750 per
2627 3655 2987 3749 auditum,
3023 3662 3089 3728 et
3128 3657 3240 3726 al-

893 3778 1010 3844 tra
1068 3775 1296 3863 quella
1345 3774 1464 3845 che
1512 3775 1606 3845 Ιια
1663 3777 1961 3847 Γαηίηια
2011 3779 2086 3848 in
2135 3783 2357 3867 terra,
2411 3776 2704 3869 scilicet,
2758 3774 3234 3867 intellectiva3

894 3899 1135 3984 questa
1184 3890 1226 3966 e*
1271 3897 1473 3985 quasi
1538 3897 1784 3987 li9ala,
1836 3895 2110 3972 scilicet
2183 3896 2645 3990 intellectiva,
2700 3917 2868 3991 quae
2932 3901 3042 3970 est
3089 3901 3242 3968 tota

891 4012 1130 4088 dedita
1169 4014 1296 4087 uni
1333 4035 1427 4088 ex
1456 4014 1910 4108 passionibus
1938 4016 2111 4110 suiS,
2146 4039 2182 4089 e
2217 4020 2445 4114 quella
2476 4019 2748 4107 sciolla,
2783 4016 2966 4091 idest
3001 4022 3075 4090 et
3107 4036 3243 4110 po—

892 4134 1118 4212 tentia
1168 4134 1510 4209 sensitiva
1562 4141 1673 4210 est
1722 4135 1955 4211 libera
2005 4136 2100 4209 ab
2153 4136 2543 4213 intellectu.
2575 4177 2673 4190 —
2698 4141 2764 4209 E
2803 4142 3057 4227 queste.
3113 4134 3242 4208 Hic

894 4261 1110 4346 poeta
1165 4253 1565 4330 incidenter
1616 4256 1919 4329 damnat
1972 4276 2205 4329 unum
2260 4277 2619 4332 errorem.
2673 4256 2782 4330 Ad
2850 4256 3061 4330 cuius
3113 4275 3242 4328 co-

892 4372 1297 4467 gnitionem
1350 4381 1459 4447 est
1510 4375 1940 4467 notandum,
1993 4376 2190 4468 quod
2249 4376 2384 4450 fuit
2434 4376 2677 4472 opinio
2743 4374 3239 4470 quorumdam

1024 4557 1083 4619 (⁸)
1113 4557 1175 4607 Ε.
1210 4564 1357 4609 vacat
1388 4561 1555 4610 alteri.
1989 4613 1990 4616 Ἴ
2369 4565 2424 4625 (²)
2455 4565 2520 4615 Β.
2553 4569 2614 4614 ut
2645 4566 2734 4615 ita,

1025 4634 1080 4697 (‘)
1113 4635 1175 4684 Β.
1206 4636 1339 4685 nulli
1372 4639 1614 4701 potentian
1648 4639 1994 4700 intellectiva,
2027 4641 2247 4704 quando.
2372 4640 2426 4703 (⁸)
2457 4642 2521 4692 B.
2553 4647 2608 4692 et
2638 4655 2769 4706 quos
2798 4641 3024 4692 doloret.
