<?xml version="1.0" encoding="UTF-8"?>
<!DOCTYPE html PUBLIC "-//W3C//DTD XHTML 1.0 Transitional//EN"
    "http://www.w3.org/TR/xhtml1/DTD/xhtml1-transitional.dtd">
<html xmlns="http://www.w3.org/1999/xhtml" xml:lang="en" lang="en">
 <head>
  <title>
</title>
<meta http-equiv="Content-Type" content="text/html;charset=utf-8" />
  <meta name='ocr-system' content='tesseract 3.04.00' />
  <meta name='ocr-capabilities' content='ocr_page ocr_carea ocr_par ocr_line ocrx_word'/>
</head>
<body>
  <div class='ocr_page' id='page_1' title='image "benvenutideramb00lacagoog_0067.png"; bbox 0 0 3704 5559; ppageno 0'>
   <div class='ocr_carea' id='block_1_1' title="bbox 1318 503 2842 568">
    <p class='ocr_par' dir='ltr' id='par_1_1' title="bbox 1318 503 2842 568">
     <span class='ocr_line' id='line_1_1' title="bbox 1318 503 2842 568; baseline 0.001 -2"><span class='ocrx_word' id='word_1_1' title='bbox 1318 512 1593 566; x_wconf 76' lang='lat' dir='ltr'>CANTUS</span> <span class='ocrx_word' id='word_1_2' title='bbox 1643 511 2030 566; x_wconf 78' lang='lat' dir='ltr'><strong>SECUNDUS.</strong></span> <span class='ocrx_word' id='word_1_3' title='bbox 2751 503 2842 568; x_wconf 76' lang='grc' dir='ltr'>ὃὸ</span> 
     </span>
    </p>
   </div>
   <div class='ocr_carea' id='block_1_2' title="bbox 437 656 2906 4354">
    <p class='ocr_par' dir='ltr' id='par_1_2' title="bbox 437 656 2906 1837">
     <span class='ocr_line' id='line_1_2' title="bbox 498 656 2840 755; baseline 0 -21"><span class='ocrx_word' id='word_1_4' title='bbox 498 682 667 755; x_wconf 86' lang='lat' dir='ltr'><strong>quae</strong></span> <span class='ocrx_word' id='word_1_5' title='bbox 718 667 829 734; x_wconf 88' lang='lat' dir='ltr'><strong>est</strong></span> <span class='ocrx_word' id='word_1_6' title='bbox 881 667 1078 733; x_wconf 88' lang='lat' dir='ltr'><strong>terra</strong></span> <span class='ocrx_word' id='word_1_7' title='bbox 1129 656 1539 752; x_wconf 82' lang='lat' dir='ltr'><strong>voluptatiS,</strong></span> <span class='ocrx_word' id='word_1_8' title='bbox 1576 678 1831 751; x_wconf 90' lang='lat' dir='ltr'><strong>passus</strong></span> <span class='ocrx_word' id='word_1_9' title='bbox 1875 658 2107 731; x_wconf 88' lang='lat' dir='ltr'><strong>multa</strong></span> <span class='ocrx_word' id='word_1_10' title='bbox 2151 664 2224 732; x_wconf 91' lang='lat' dir='ltr'><strong>et</strong></span> <span class='ocrx_word' id='word_1_11' title='bbox 2258 660 2463 734; x_wconf 89' lang='lat' dir='ltr'><strong>varia</strong></span> <span class='ocrx_word' id='word_1_12' title='bbox 2514 661 2840 755; x_wconf 90' lang='lat' dir='ltr'><strong>pericula</strong></span> 
     </span>
     <span class='ocr_line' id='line_1_3' title="bbox 497 777 2845 876; baseline -0 -20"><span class='ocrx_word' id='word_1_13' title='bbox 497 781 812 856; x_wconf 85' lang='lat' dir='ltr'><strong>venisset</strong></span> <span class='ocrx_word' id='word_1_14' title='bbox 872 780 965 855; x_wconf 91' lang='lat' dir='ltr'><strong>ad</strong></span> <span class='ocrx_word' id='word_1_15' title='bbox 1027 785 1499 872; x_wconf 89' lang='lat' dir='ltr'><strong>conspectum</strong></span> <span class='ocrx_word' id='word_1_16' title='bbox 1561 777 1801 871; x_wconf 87' lang='lat' dir='ltr'><strong>ltaliae,</strong></span> <span class='ocrx_word' id='word_1_17' title='bbox 1857 796 2027 870; x_wconf 83' lang='lat' dir='ltr'><strong>quae</strong></span> <span class='ocrx_word' id='word_1_18' title='bbox 2089 779 2383 873; x_wconf 89' lang='lat' dir='ltr'><strong>ponitur</strong></span> <span class='ocrx_word' id='word_1_19' title='bbox 2442 801 2577 876; x_wconf 92' lang='lat' dir='ltr'><strong>pro</strong></span> <span class='ocrx_word' id='word_1_20' title='bbox 2643 788 2845 856; x_wconf 90' lang='lat' dir='ltr'><strong>terra</strong></span> 
     </span>
     <span class='ocr_line' id='line_1_4' title="bbox 499 890 2834 995; baseline -0.001 -18"><span class='ocrx_word' id='word_1_21' title='bbox 499 902 805 994; x_wconf 83' lang='lat' dir='ltr'><strong>virtutiS,</strong></span> <span class='ocrx_word' id='word_1_22' title='bbox 859 899 1251 995; x_wconf 82' lang='lat' dir='ltr'>apparebat</span> <span class='ocrx_word' id='word_1_23' title='bbox 1286 890 1358 991; x_wconf 80' lang='lat'><strong>(¹)</strong></span> <span class='ocrx_word' id='word_1_24' title='bbox 1413 918 1723 991; x_wconf 85' lang='lat' dir='ltr'><strong>aurora3</strong></span> <span class='ocrx_word' id='word_1_25' title='bbox 1768 898 1963 972; x_wconf 90' lang='lat' dir='ltr'><strong>unde</strong></span> <span class='ocrx_word' id='word_1_26' title='bbox 2006 899 2175 973; x_wconf 92' lang='lat' dir='ltr'><strong>dicit</strong></span> <span class='ocrx_word' id='word_1_27' title='bbox 2212 901 2427 974; x_wconf 90' lang='lat' dir='ltr'><strong>tertio</strong></span> <span class='ocrx_word' id='word_1_28' title='bbox 2480 902 2834 977; x_wconf 90' lang='lat' dir='ltr'><strong>Eneidos:</strong></span> 
     </span>
     <span class='ocr_line' id='line_1_5' title="bbox 497 1000 2906 1113; baseline 0 -19"><span class='ocrx_word' id='word_1_29' title='bbox 497 1026 789 1113; x_wconf 81' lang='lat' dir='ltr'><em>Jamque</em></span> <span class='ocrx_word' id='word_1_30' title='bbox 836 1020 1240 1092; x_wconf 81' lang='lat' dir='ltr'><strong>rubescebat</strong></span> <span class='ocrx_word' id='word_1_31' title='bbox 1283 1021 1491 1090; x_wconf 81' lang='lat' dir='ltr'><strong>stellis</strong></span> <span class='ocrx_word' id='word_1_32' title='bbox 1541 1038 1816 1089; x_wconf 84' lang='lat' dir='ltr'><strong>aurora</strong></span> <span class='ocrx_word' id='word_1_33' title='bbox 1859 1022 2148 1111; x_wconf 71' lang='lat' dir='ltr'><strong>suyatis,</strong></span> <span class='ocrx_word' id='word_1_34' title='bbox 2207 1023 2373 1092; x_wconf 83' lang='lat' dir='ltr'><strong>Cum</strong></span> <span class='ocrx_word' id='word_1_35' title='bbox 2412 1025 2672 1113; x_wconf 85' lang='lat' dir='ltr'><strong>procul</strong></span> <span class='ocrx_word' id='word_1_36' title='bbox 2716 1023 2845 1094; x_wconf 86' lang='lat' dir='ltr'><strong>ob·</strong></span> <span class='ocrx_word' id='word_1_37' title='bbox 2893 1000 2906 1009; x_wconf 61' lang='grc'><strong>’</strong></span> 
     </span>
     <span class='ocr_line' id='line_1_6' title="bbox 499 1142 2845 1235; baseline -0 -18"><span class='ocrx_word' id='word_1_38' title='bbox 499 1164 741 1217; x_wconf 70' lang='lat' dir='ltr'><strong>swos</strong></span> <span class='ocrx_word' id='word_1_39' title='bbox 789 1144 996 1214; x_wconf 83' lang='lat' dir='ltr'><strong>colles</strong></span> <span class='ocrx_word' id='word_1_40' title='bbox 1059 1142 1473 1230; x_wconf 76' lang='lat' dir='ltr'><em>humilesque</em></span> <span class='ocrx_word' id='word_1_41' title='bbox 1533 1142 1838 1211; x_wconf 82' lang='lat' dir='ltr'><strong>videmus</strong></span> <span class='ocrx_word' id='word_1_42' title='bbox 1890 1143 2191 1213; x_wconf 82' lang='lat' dir='ltr'><strong>Italiam.</strong></span> <span class='ocrx_word' id='word_1_43' title='bbox 2240 1144 2522 1214; x_wconf 83' lang='lat' dir='ltr'><strong>Italiam</strong></span> <span class='ocrx_word' id='word_1_44' title='bbox 2567 1147 2845 1235; x_wconf 79' lang='lat' dir='ltr'><strong>primus</strong></span> 
     </span>
     <span class='ocr_line' id='line_1_7' title="bbox 437 1255 2844 1352; baseline -0 -15"><span class='ocrx_word' id='word_1_45' title='bbox 437 1255 443 1260; x_wconf 42' lang='lat'><strong><em>⁴</em></strong></span> <span class='ocrx_word' id='word_1_46' title='bbox 499 1265 892 1337; x_wconf 79' lang='lat' dir='ltr'><strong>conclamat</strong></span> <span class='ocrx_word' id='word_1_47' title='bbox 938 1263 1256 1352; x_wconf 75' lang='lat' dir='ltr'><strong>Achates,</strong></span> <span class='ocrx_word' id='word_1_48' title='bbox 1308 1263 1589 1332; x_wconf 78' lang='lat' dir='ltr'><strong>Italiam</strong></span> <span class='ocrx_word' id='word_1_49' title='bbox 1639 1262 1795 1332; x_wconf 84' lang='lat' dir='ltr'><strong>loeto</strong></span> <span class='ocrx_word' id='word_1_50' title='bbox 1828 1263 2001 1332; x_wconf 80' lang='lat' dir='ltr'><strong>soci-i</strong></span> <span class='ocrx_word' id='word_1_51' title='bbox 2032 1263 2341 1333; x_wconf 83' lang='lat' dir='ltr'><strong>clamore</strong></span> <span class='ocrx_word' id='word_1_52' title='bbox 2374 1265 2699 1335; x_wconf 79' lang='lat' dir='ltr'><strong>salutant.</strong></span> <span class='ocrx_word' id='word_1_53' title='bbox 2736 1263 2844 1337; x_wconf 87' lang='lat' dir='ltr'><strong>Ita</strong></span> 
     </span>
     <span class='ocr_line' id='line_1_8' title="bbox 501 1380 2840 1478; baseline 0 -21"><span class='ocrx_word' id='word_1_54' title='bbox 501 1402 697 1458; x_wconf 87' lang='lat' dir='ltr'><strong>nunc</strong></span> <span class='ocrx_word' id='word_1_55' title='bbox 748 1389 964 1478; x_wconf 86' lang='lat' dir='ltr'><strong>poeta</strong></span> <span class='ocrx_word' id='word_1_56' title='bbox 1005 1382 1274 1455; x_wconf 88' lang='lat' dir='ltr'><strong>Dantes</strong></span> <span class='ocrx_word' id='word_1_57' title='bbox 1315 1380 1614 1453; x_wconf 89' lang='lat' dir='ltr'><strong>veniens</strong></span> <span class='ocrx_word' id='word_1_58' title='bbox 1649 1380 1741 1453; x_wconf 93' lang='lat' dir='ltr'><strong>de</strong></span> <span class='ocrx_word' id='word_1_59' title='bbox 1774 1386 1975 1455; x_wconf 89' lang='lat' dir='ltr'><strong>terra</strong></span> <span class='ocrx_word' id='word_1_60' title='bbox 2018 1381 2364 1455; x_wconf 90' lang='lat' dir='ltr'><strong>vitiorum</strong></span> <span class='ocrx_word' id='word_1_61' title='bbox 2417 1382 2508 1456; x_wconf 89' lang='lat' dir='ltr'><strong>ad</strong></span> <span class='ocrx_word' id='word_1_62' title='bbox 2564 1389 2840 1458; x_wconf 91' lang='lat' dir='ltr'><strong>terram</strong></span> 
     </span>
     <span class='ocr_line' id='line_1_9' title="bbox 501 1500 2849 1596; baseline 0 -19"><span class='ocrx_word' id='word_1_63' title='bbox 501 1503 788 1577; x_wconf 85' lang='lat' dir='ltr'><strong>virtutis</strong></span> <span class='ocrx_word' id='word_1_64' title='bbox 837 1521 1011 1576; x_wconf 88' lang='lat' dir='ltr'><strong>cum</strong></span> <span class='ocrx_word' id='word_1_65' title='bbox 1064 1500 1207 1574; x_wconf 88' lang='lat' dir='ltr'><strong>fido</strong></span> <span class='ocrx_word' id='word_1_66' title='bbox 1244 1500 1440 1574; x_wconf 91' lang='lat' dir='ltr'><strong>socio</strong></span> <span class='ocrx_word' id='word_1_67' title='bbox 1482 1500 1801 1595; x_wconf 84' lang='lat' dir='ltr'><strong>Virgilio,</strong></span> <span class='ocrx_word' id='word_1_68' title='bbox 1858 1501 2323 1575; x_wconf 80' lang='lat' dir='ltr'><strong>illucescente</strong></span> <span class='ocrx_word' id='word_1_69' title='bbox 2365 1523 2640 1591; x_wconf 80' lang='lat' dir='ltr'><strong>aurora</strong></span> <span class='ocrx_word' id='word_1_70' title='bbox 2676 1525 2849 1596; x_wconf 85' lang='lat' dir='ltr'><strong>quae</strong></span> 
     </span>
     <span class='ocr_line' id='line_1_10' title="bbox 480 1620 2844 1719; baseline 0 -22"><span class='ocrx_word' id='word_1_71' title='bbox 480 1622 610 1699; x_wconf 70' lang='lat' dir='ltr'><strong>est</strong></span> <span class='ocrx_word' id='word_1_72' title='bbox 665 1622 954 1696; x_wconf 91' lang='lat' dir='ltr'><strong>initium</strong></span> <span class='ocrx_word' id='word_1_73' title='bbox 1015 1622 1179 1714; x_wconf 90' lang='lat' dir='ltr'><strong>diei,</strong></span> <span class='ocrx_word' id='word_1_74' title='bbox 1240 1621 1525 1693; x_wconf 85' lang='lat' dir='ltr'><strong>laetatus</strong></span> <span class='ocrx_word' id='word_1_75' title='bbox 1584 1627 1694 1693; x_wconf 89' lang='lat' dir='ltr'><strong>est</strong></span> <span class='ocrx_word' id='word_1_76' title='bbox 1745 1620 1998 1694; x_wconf 89' lang='lat' dir='ltr'><strong>videns</strong></span> <span class='ocrx_word' id='word_1_77' title='bbox 2060 1628 2384 1696; x_wconf 88' lang='lat' dir='ltr'><strong>montem</strong></span> <span class='ocrx_word' id='word_1_78' title='bbox 2435 1626 2844 1719; x_wconf 90' lang='lat' dir='ltr'><strong>purgatorii</strong></span> 
     </span>
     <span class='ocr_line' id='line_1_11' title="bbox 499 1740 2330 1837; baseline -0.002 -20"><span class='ocrx_word' id='word_1_79' title='bbox 499 1750 577 1819; x_wconf 89' lang='lat' dir='ltr'><strong>et</strong></span> <span class='ocrx_word' id='word_1_80' title='bbox 626 1743 976 1817; x_wconf 86' lang='lat' dir='ltr'><strong>humilem</strong></span> <span class='ocrx_word' id='word_1_81' title='bbox 1029 1742 1400 1837; x_wconf 85' lang='lat' dir='ltr'><strong>planitiem</strong></span> <span class='ocrx_word' id='word_1_82' title='bbox 1454 1762 1622 1834; x_wconf 86' lang='lat' dir='ltr'><strong>quae</strong></span> <span class='ocrx_word' id='word_1_83' title='bbox 1673 1740 2081 1816; x_wconf 85' lang='lat' dir='ltr'><strong>circumdat</strong></span> <span class='ocrx_word' id='word_1_84' title='bbox 2131 1761 2330 1815; x_wconf 91' lang='lat' dir='ltr'><strong>eum.</strong></span> 
     </span>
    </p>

    <p class='ocr_par' dir='ltr' id='par_1_3' title="bbox 492 1862 2886 4354">
     <span class='ocr_line' id='line_1_12' title="bbox 646 1862 2842 1958; baseline 0 -21"><span class='ocrx_word' id='word_1_85' title='bbox 646 1866 786 1937; x_wconf 80' lang='lat' dir='ltr'><strong>Noi</strong></span> <span class='ocrx_word' id='word_1_86' title='bbox 830 1883 1143 1936; x_wconf 84' lang='lat' dir='ltr'><strong>eravam.</strong></span> <span class='ocrx_word' id='word_1_87' title='bbox 1196 1862 1337 1934; x_wconf 90' lang='lat' dir='ltr'><strong>Ista</strong></span> <span class='ocrx_word' id='word_1_88' title='bbox 1390 1868 1498 1935; x_wconf 91' lang='lat' dir='ltr'><strong>est</strong></span> <span class='ocrx_word' id='word_1_89' title='bbox 1550 1862 1871 1935; x_wconf 90' lang='lat' dir='ltr'><strong>secunda</strong></span> <span class='ocrx_word' id='word_1_90' title='bbox 1923 1883 2090 1956; x_wconf 83' lang='lat' dir='ltr'><strong>pars</strong></span> <span class='ocrx_word' id='word_1_91' title='bbox 2152 1863 2516 1957; x_wconf 86' lang='lat' dir='ltr'><strong>generalis</strong></span> <span class='ocrx_word' id='word_1_92' title='bbox 2568 1864 2641 1936; x_wconf 90' lang='lat' dir='ltr'><strong>in</strong></span> <span class='ocrx_word' id='word_1_93' title='bbox 2694 1886 2842 1958; x_wconf 90' lang='lat' dir='ltr'><strong>qua</strong></span> 
     </span>
     <span class='ocr_line' id='line_1_13' title="bbox 496 1982 2847 2080; baseline 0 -23"><span class='ocrx_word' id='word_1_94' title='bbox 496 1989 734 2080; x_wconf 79' lang='lat' dir='ltr'><strong>poeta,</strong></span> <span class='ocrx_word' id='word_1_95' title='bbox 770 1983 1144 2078; x_wconf 85' lang='lat' dir='ltr'><strong>praemissa</strong></span> <span class='ocrx_word' id='word_1_96' title='bbox 1185 1982 1668 2076; x_wconf 80' lang='lat' dir='ltr'><strong>descriptione</strong></span> <span class='ocrx_word' id='word_1_97' title='bbox 1718 1982 2068 2076; x_wconf 88' lang='lat' dir='ltr'><strong>temporis</strong></span> <span class='ocrx_word' id='word_1_98' title='bbox 2119 1988 2192 2055; x_wconf 91' lang='lat' dir='ltr'><strong>et</strong></span> <span class='ocrx_word' id='word_1_99' title='bbox 2253 1983 2417 2076; x_wconf 88' lang='lat' dir='ltr'><strong>loci,</strong></span> <span class='ocrx_word' id='word_1_100' title='bbox 2470 2003 2665 2057; x_wconf 90' lang='lat' dir='ltr'><strong>nunc</strong></span> <span class='ocrx_word' id='word_1_101' title='bbox 2716 1984 2847 2058; x_wconf 89' lang='lat' dir='ltr'><strong>de-</strong></span> 
     </span>
     <span class='ocr_line' id='line_1_14' title="bbox 497 2102 2844 2198; baseline -0.002 -18"><span class='ocrx_word' id='word_1_102' title='bbox 497 2105 746 2180; x_wconf 84' lang='lat' dir='ltr'><strong>scribit</strong></span> <span class='ocrx_word' id='word_1_103' title='bbox 789 2124 1022 2178; x_wconf 90' lang='lat' dir='ltr'><strong>unum</strong></span> <span class='ocrx_word' id='word_1_104' title='bbox 1051 2103 1409 2198; x_wconf 81' lang='lat' dir='ltr'><strong>Angelum</strong></span> <span class='ocrx_word' id='word_1_105' title='bbox 1450 2102 1574 2195; x_wconf 90' lang='lat' dir='ltr'><strong>qui</strong></span> <span class='ocrx_word' id='word_1_106' title='bbox 1612 2123 1703 2176; x_wconf 83' lang='lat' dir='ltr'><strong>ex</strong></span> <span class='ocrx_word' id='word_1_107' title='bbox 1747 2102 1989 2175; x_wconf 86' lang='lat' dir='ltr'><strong>officio</strong></span> <span class='ocrx_word' id='word_1_108' title='bbox 2031 2123 2168 2176; x_wconf 93' lang='lat' dir='ltr'><strong>suo</strong></span> <span class='ocrx_word' id='word_1_109' title='bbox 2209 2103 2427 2177; x_wconf 91' lang='lat' dir='ltr'><strong>habet</strong></span> <span class='ocrx_word' id='word_1_110' title='bbox 2463 2110 2844 2198; x_wconf 89' lang='lat' dir='ltr'><strong>transpor-</strong></span> 
     </span>
     <span class='ocr_line' id='line_1_15' title="bbox 499 2222 2845 2317; baseline -0 -18"><span class='ocrx_word' id='word_1_111' title='bbox 499 2229 660 2299; x_wconf 83' lang='lat' dir='ltr'><strong>tare</strong></span> <span class='ocrx_word' id='word_1_112' title='bbox 720 2223 1005 2298; x_wconf 88' lang='lat' dir='ltr'><strong>animas</strong></span> <span class='ocrx_word' id='word_1_113' title='bbox 1054 2223 1147 2297; x_wconf 89' lang='lat' dir='ltr'><strong>ad</strong></span> <span class='ocrx_word' id='word_1_114' title='bbox 1206 2222 1762 2317; x_wconf 83' lang='lat' dir='ltr'><strong>purgatorium3</strong></span> <span class='ocrx_word' id='word_1_115' title='bbox 1814 2229 1889 2295; x_wconf 92' lang='lat' dir='ltr'><strong>et</strong></span> <span class='ocrx_word' id='word_1_116' title='bbox 1952 2222 2124 2316; x_wconf 91' lang='lat' dir='ltr'><strong>quia</strong></span> <span class='ocrx_word' id='word_1_117' title='bbox 2183 2222 2394 2296; x_wconf 89' lang='lat' dir='ltr'><strong>litera</strong></span> <span class='ocrx_word' id='word_1_118' title='bbox 2458 2230 2568 2296; x_wconf 64' lang='lat' dir='ltr'><strong>est</strong></span> <span class='ocrx_word' id='word_1_119' title='bbox 2631 2223 2845 2299; x_wconf 87' lang='lat' dir='ltr'><strong>valde</strong></span> 
     </span>
     <span class='ocr_line' id='line_1_16' title="bbox 497 2332 2839 2437; baseline 0 -20"><span class='ocrx_word' id='word_1_120' title='bbox 497 2341 805 2417; x_wconf 84' lang='lat' dir='ltr'><strong>difficilis</strong></span> <span class='ocrx_word' id='word_1_121' title='bbox 855 2352 931 2419; x_wconf 91' lang='lat' dir='ltr'><strong>et</strong></span> <span class='ocrx_word' id='word_1_122' title='bbox 989 2342 1345 2416; x_wconf 89' lang='lat' dir='ltr'><strong>sententia</strong></span> <span class='ocrx_word' id='word_1_123' title='bbox 1403 2342 1821 2415; x_wconf 89' lang='lat' dir='ltr'><strong>abscondita</strong></span> <span class='ocrx_word' id='word_1_124' title='bbox 1849 2332 1953 2434; x_wconf 77' lang='lat'><strong>(²),</strong></span> <span class='ocrx_word' id='word_1_125' title='bbox 2006 2343 2175 2415; x_wconf 89' lang='lat' dir='ltr'><strong>volo</strong></span> <span class='ocrx_word' id='word_1_126' title='bbox 2241 2349 2313 2415; x_wconf 91' lang='lat' dir='ltr'><strong>te</strong></span> <span class='ocrx_word' id='word_1_127' title='bbox 2378 2342 2588 2436; x_wconf 90' lang='lat' dir='ltr'><strong>scire,</strong></span> <span class='ocrx_word' id='word_1_128' title='bbox 2643 2344 2839 2437; x_wconf 92' lang='lat' dir='ltr'><strong>quod</strong></span> 
     </span>
     <span class='ocr_line' id='line_1_17' title="bbox 497 2460 2845 2558; baseline 0 -21"><span class='ocrx_word' id='word_1_129' title='bbox 497 2469 714 2558; x_wconf 86' lang='lat' dir='ltr'><strong>poeta</strong></span> <span class='ocrx_word' id='word_1_130' title='bbox 764 2461 1286 2537; x_wconf 85' lang='lat' dir='ltr'><strong>sententialiter</strong></span> <span class='ocrx_word' id='word_1_131' title='bbox 1347 2463 1507 2534; x_wconf 85' lang='lat' dir='ltr'><strong>vult</strong></span> <span class='ocrx_word' id='word_1_132' title='bbox 1569 2460 1813 2534; x_wconf 88' lang='lat' dir='ltr'><strong>dicere</strong></span> <span class='ocrx_word' id='word_1_133' title='bbox 1872 2461 2068 2555; x_wconf 91' lang='lat' dir='ltr'><strong>quod</strong></span> <span class='ocrx_word' id='word_1_134' title='bbox 2130 2482 2302 2535; x_wconf 89' lang='lat' dir='ltr'><strong>cum</strong></span> <span class='ocrx_word' id='word_1_135' title='bbox 2368 2462 2710 2558; x_wconf 84' lang='lat' dir='ltr'><strong>Virgilius</strong></span> <span class='ocrx_word' id='word_1_136' title='bbox 2771 2470 2845 2537; x_wconf 93' lang='lat' dir='ltr'><strong>et</strong></span> 
     </span>
     <span class='ocr_line' id='line_1_18' title="bbox 497 2580 2843 2681; baseline 0 -24"><span class='ocrx_word' id='word_1_137' title='bbox 497 2582 652 2681; x_wconf 86' lang='lat' dir='ltr'><strong>ipse</strong></span> <span class='ocrx_word' id='word_1_138' title='bbox 701 2587 980 2657; x_wconf 87' lang='lat' dir='ltr'><strong>starent</strong></span> <span class='ocrx_word' id='word_1_139' title='bbox 1029 2582 1271 2656; x_wconf 88' lang='lat' dir='ltr'><strong>adhuc</strong></span> <span class='ocrx_word' id='word_1_140' title='bbox 1322 2580 1396 2653; x_wconf 89' lang='lat' dir='ltr'><strong>in</strong></span> <span class='ocrx_word' id='word_1_141' title='bbox 1449 2581 1661 2654; x_wconf 90' lang='lat' dir='ltr'><strong>litore</strong></span> <span class='ocrx_word' id='word_1_142' title='bbox 1713 2580 1934 2653; x_wconf 90' lang='lat' dir='ltr'><strong>maris</strong></span> <span class='ocrx_word' id='word_1_143' title='bbox 1995 2581 2397 2675; x_wconf 89' lang='lat' dir='ltr'><strong>cogitantes</strong></span> <span class='ocrx_word' id='word_1_144' title='bbox 2456 2583 2649 2656; x_wconf 90' lang='lat' dir='ltr'><strong>circa</strong></span> <span class='ocrx_word' id='word_1_145' title='bbox 2701 2584 2843 2657; x_wconf 91' lang='lat' dir='ltr'><strong>iter</strong></span> 
     </span>
     <span class='ocr_line' id='line_1_19' title="bbox 497 2701 2842 2803; baseline -0 -26"><span class='ocrx_word' id='word_1_146' title='bbox 497 2704 891 2803; x_wconf 79' lang='lat' dir='ltr'><strong>agendum,</strong></span> <span class='ocrx_word' id='word_1_147' title='bbox 925 2702 1101 2777; x_wconf 86' lang='lat' dir='ltr'><strong>vidit</strong></span> <span class='ocrx_word' id='word_1_148' title='bbox 1150 2701 1393 2776; x_wconf 91' lang='lat' dir='ltr'><strong>subito</strong></span> <span class='ocrx_word' id='word_1_149' title='bbox 1429 2701 1682 2776; x_wconf 87' lang='lat' dir='ltr'><strong>venire</strong></span> <span class='ocrx_word' id='word_1_150' title='bbox 1714 2721 1847 2796; x_wconf 89' lang='lat' dir='ltr'><strong>per</strong></span> <span class='ocrx_word' id='word_1_151' title='bbox 1885 2721 2095 2774; x_wconf 89' lang='lat' dir='ltr'><strong>mare</strong></span> <span class='ocrx_word' id='word_1_152' title='bbox 2132 2722 2362 2774; x_wconf 90' lang='lat' dir='ltr'><strong>unum</strong></span> <span class='ocrx_word' id='word_1_153' title='bbox 2407 2703 2659 2777; x_wconf 90' lang='lat' dir='ltr'><strong>lumen</strong></span> <span class='ocrx_word' id='word_1_154' title='bbox 2695 2704 2842 2776; x_wconf 84' lang='lat' dir='ltr'><strong>ful-</strong></span> 
     </span>
     <span class='ocr_line' id='line_1_20' title="bbox 493 2820 2844 2922; baseline 0 -25"><span class='ocrx_word' id='word_1_155' title='bbox 493 2823 1027 2922; x_wconf 78' lang='lat' dir='ltr'><strong>gentissimum,</strong></span> <span class='ocrx_word' id='word_1_156' title='bbox 1079 2823 1670 2897; x_wconf 90' lang='lat' dir='ltr'><strong>ardentissimum</strong></span> <span class='ocrx_word' id='word_1_157' title='bbox 1724 2820 1815 2894; x_wconf 90' lang='lat' dir='ltr'><strong>ad</strong></span> <span class='ocrx_word' id='word_1_158' title='bbox 1869 2821 2172 2894; x_wconf 91' lang='lat' dir='ltr'><strong>modum</strong></span> <span class='ocrx_word' id='word_1_159' title='bbox 2237 2823 2546 2916; x_wconf 84' lang='lat' dir='ltr'><strong>planetae</strong></span> <span class='ocrx_word' id='word_1_160' title='bbox 2596 2825 2844 2898; x_wconf 88' lang='lat' dir='ltr'><strong>Martis</strong></span> 
     </span>
     <span class='ocr_line' id='line_1_21' title="bbox 493 2939 2886 3035; baseline -0.001 -16"><span class='ocrx_word' id='word_1_161' title='bbox 493 2963 669 3020; x_wconf 84' lang='lat' dir='ltr'><strong>cum</strong></span> <span class='ocrx_word' id='word_1_162' title='bbox 703 2942 1091 3017; x_wconf 84' lang='lat' dir='ltr'><strong>velocitate</strong></span> <span class='ocrx_word' id='word_1_163' title='bbox 1125 2942 1470 3034; x_wconf 85' lang='lat' dir='ltr'><strong>mirabili3</strong></span> <span class='ocrx_word' id='word_1_164' title='bbox 1508 2940 1704 3033; x_wconf 90' lang='lat' dir='ltr'><strong>quod</strong></span> <span class='ocrx_word' id='word_1_165' title='bbox 1741 2939 2039 3033; x_wconf 90' lang='lat' dir='ltr'><strong>quidem</strong></span> <span class='ocrx_word' id='word_1_166' title='bbox 2076 2942 2329 3015; x_wconf 91' lang='lat' dir='ltr'><strong>lumen</strong></span> <span class='ocrx_word' id='word_1_167' title='bbox 2365 2949 2642 3035; x_wconf 88' lang='lat' dir='ltr'><strong>quanto</strong></span> <span class='ocrx_word' id='word_1_168' title='bbox 2680 2964 2842 3017; x_wconf 86' lang='lat' dir='ltr'><strong>ma·</strong></span> <span class='ocrx_word' id='word_1_169' title='bbox 2877 2995 2886 3000; x_wconf 92' lang='lat'>-</span> 
     </span>
     <span class='ocr_line' id='line_1_22' title="bbox 492 3060 2839 3161; baseline -0.001 -23"><span class='ocrx_word' id='word_1_170' title='bbox 492 3062 607 3161; x_wconf 83' lang='lat' dir='ltr'><strong>gis</strong></span> <span class='ocrx_word' id='word_1_171' title='bbox 652 3061 1302 3158; x_wconf 81' lang='lat' dir='ltr'><strong>appropinquabat,</strong></span> <span class='ocrx_word' id='word_1_172' title='bbox 1342 3066 1544 3133; x_wconf 83' lang='lat' dir='ltr'><strong>tanto</strong></span> <span class='ocrx_word' id='word_1_173' title='bbox 1597 3060 1828 3155; x_wconf 90' lang='lat' dir='ltr'><strong>magis</strong></span> <span class='ocrx_word' id='word_1_174' title='bbox 1865 3060 2374 3134; x_wconf 84' lang='lat' dir='ltr'><strong>invalescebat.</strong></span> <span class='ocrx_word' id='word_1_175' title='bbox 2418 3061 2546 3135; x_wconf 87' lang='lat' dir='ltr'><strong>Hic</strong></span> <span class='ocrx_word' id='word_1_176' title='bbox 2586 3070 2839 3136; x_wconf 89' lang='lat' dir='ltr'><strong>autem</strong></span> 
     </span>
     <span class='ocr_line' id='line_1_23' title="bbox 497 3179 2845 3276; baseline -0 -19"><span class='ocrx_word' id='word_1_177' title='bbox 497 3188 658 3258; x_wconf 88' lang='lat' dir='ltr'><strong>erat</strong></span> <span class='ocrx_word' id='word_1_178' title='bbox 690 3181 990 3276; x_wconf 85' lang='lat' dir='ltr'><strong>quidam</strong></span> <span class='ocrx_word' id='word_1_179' title='bbox 1016 3180 1359 3276; x_wconf 81' lang='lat' dir='ltr'><strong>AngeluS,</strong></span> <span class='ocrx_word' id='word_1_180' title='bbox 1387 3180 1711 3273; x_wconf 90' lang='lat' dir='ltr'><strong>quicum</strong></span> <span class='ocrx_word' id='word_1_181' title='bbox 1744 3179 2082 3253; x_wconf 87' lang='lat' dir='ltr'><strong>navicula</strong></span> <span class='ocrx_word' id='word_1_182' title='bbox 2109 3179 2476 3254; x_wconf 88' lang='lat' dir='ltr'><strong>levissima</strong></span> <span class='ocrx_word' id='word_1_183' title='bbox 2503 3182 2845 3276; x_wconf 88' lang='lat' dir='ltr'><strong>portabat</strong></span> 
     </span>
     <span class='ocr_line' id='line_1_24' title="bbox 496 3299 2843 3399; baseline -0.001 -21"><span class='ocrx_word' id='word_1_184' title='bbox 496 3302 780 3379; x_wconf 81' lang='lat' dir='ltr'><strong>animas</strong></span> <span class='ocrx_word' id='word_1_185' title='bbox 802 3302 1358 3399; x_wconf 90' lang='lat' dir='ltr'><strong>purgandorum</strong></span> <span class='ocrx_word' id='word_1_186' title='bbox 1386 3300 1478 3374; x_wconf 88' lang='lat' dir='ltr'><strong>ad</strong></span> <span class='ocrx_word' id='word_1_187' title='bbox 1504 3299 1695 3373; x_wconf 91' lang='lat' dir='ltr'><strong>istud</strong></span> <span class='ocrx_word' id='word_1_188' title='bbox 1723 3299 1914 3372; x_wconf 86' lang='lat' dir='ltr'><strong>litus.</strong></span> <span class='ocrx_word' id='word_1_189' title='bbox 1937 3299 2044 3373; x_wconf 81' lang='lat' dir='ltr'><strong>Ad</strong></span> <span class='ocrx_word' id='word_1_190' title='bbox 2073 3299 2359 3374; x_wconf 90' lang='lat' dir='ltr'><strong>literam</strong></span> <span class='ocrx_word' id='word_1_191' title='bbox 2389 3319 2604 3397; x_wconf 91' lang='lat' dir='ltr'><strong>ergo:</strong></span> <span class='ocrx_word' id='word_1_192' title='bbox 2625 3308 2843 3397; x_wconf 90' lang='lat' dir='ltr'><strong>poeta</strong></span> 
     </span>
     <span class='ocr_line' id='line_1_25' title="bbox 498 3419 2841 3518; baseline -0.001 -21"><span class='ocrx_word' id='word_1_193' title='bbox 498 3422 737 3518; x_wconf 84' lang='lat' dir='ltr'><strong>primo</strong></span> <span class='ocrx_word' id='word_1_194' title='bbox 787 3421 1129 3497; x_wconf 86' lang='lat' dir='ltr'><strong>describit</strong></span> <span class='ocrx_word' id='word_1_195' title='bbox 1177 3419 1714 3515; x_wconf 89' lang='lat' dir='ltr'><strong>dispositionem</strong></span> <span class='ocrx_word' id='word_1_196' title='bbox 1777 3419 2104 3514; x_wconf 90' lang='lat' dir='ltr'><strong>ipsorum</strong></span> <span class='ocrx_word' id='word_1_197' title='bbox 2167 3419 2489 3492; x_wconf 90' lang='lat' dir='ltr'><strong>duorum</strong></span> <span class='ocrx_word' id='word_1_198' title='bbox 2547 3420 2841 3495; x_wconf 84' lang='lat' dir='ltr'><strong>dicens:</strong></span> 
     </span>
     <span class='ocr_line' id='line_1_26' title="bbox 501 3539 2841 3630; baseline 0.001 -15"><span class='ocrx_word' id='word_1_199' title='bbox 501 3544 639 3616; x_wconf 77' lang='lat' dir='ltr'><strong>Noi</strong></span> <span class='ocrx_word' id='word_1_200' title='bbox 682 3561 978 3615; x_wconf 80' lang='lat' dir='ltr'><strong>eravam</strong></span> <span class='ocrx_word' id='word_1_201' title='bbox 1027 3542 1391 3630; x_wconf 69' lang='lat' dir='ltr'><strong>lunqhesso</strong></span> <span class='ocrx_word' id='word_1_202' title='bbox 1458 3542 1512 3613; x_wconf 83' lang='lat' dir='ltr'><strong>il</strong></span> <span class='ocrx_word' id='word_1_203' title='bbox 1567 3560 1766 3612; x_wconf 84' lang='lat' dir='ltr'><strong>mare</strong></span> <span class='ocrx_word' id='word_1_204' title='bbox 1828 3559 2125 3629; x_wconf 83' lang='lat' dir='ltr'><strong>ancora,</strong></span> <span class='ocrx_word' id='word_1_205' title='bbox 2184 3539 2367 3613; x_wconf 89' lang='lat' dir='ltr'><strong>idest</strong></span> <span class='ocrx_word' id='word_1_206' title='bbox 2427 3560 2559 3612; x_wconf 90' lang='lat' dir='ltr'><strong>nos</strong></span> <span class='ocrx_word' id='word_1_207' title='bbox 2619 3541 2841 3617; x_wconf 90' lang='lat' dir='ltr'><strong>ambo</strong></span> 
     </span>
     <span class='ocr_line' id='line_1_27' title="bbox 497 3658 2845 3758; baseline -0.001 -22"><span class='ocrx_word' id='word_1_208' title='bbox 497 3666 735 3758; x_wconf 83' lang='lat' dir='ltr'><strong>poetae</strong></span> <span class='ocrx_word' id='word_1_209' title='bbox 781 3659 1024 3735; x_wconf 87' lang='lat' dir='ltr'><strong>adbuc</strong></span> <span class='ocrx_word' id='word_1_210' title='bbox 1073 3680 1374 3734; x_wconf 89' lang='lat' dir='ltr'><strong>eramus</strong></span> <span class='ocrx_word' id='word_1_211' title='bbox 1425 3679 1653 3754; x_wconf 91' lang='lat' dir='ltr'><strong>prope</strong></span> <span class='ocrx_word' id='word_1_212' title='bbox 1702 3679 1913 3733; x_wconf 89' lang='lat' dir='ltr'><strong>mare</strong></span> <span class='ocrx_word' id='word_1_213' title='bbox 1964 3658 2038 3731; x_wconf 88' lang='lat' dir='ltr'><strong>in</strong></span> <span class='ocrx_word' id='word_1_214' title='bbox 2088 3658 2302 3732; x_wconf 91' lang='lat' dir='ltr'><strong>litore</strong></span> <span class='ocrx_word' id='word_1_215' title='bbox 2353 3659 2551 3733; x_wconf 90' lang='lat' dir='ltr'><strong>unde</strong></span> <span class='ocrx_word' id='word_1_216' title='bbox 2600 3660 2845 3735; x_wconf 84' lang='lat' dir='ltr'><strong>fuerat</strong></span> 
     </span>
     <span class='ocr_line' id='line_1_28' title="bbox 497 3778 2845 3875; baseline -0.001 -20"><span class='ocrx_word' id='word_1_217' title='bbox 497 3781 800 3856; x_wconf 75' lang='lat' dir='ltr'><strong>avulsus</strong></span> <span class='ocrx_word' id='word_1_218' title='bbox 848 3780 1169 3875; x_wconf 84' lang='lat' dir='ltr'><strong>juncus3</strong></span> <span class='ocrx_word' id='word_1_219' title='bbox 1222 3786 1296 3854; x_wconf 91' lang='lat' dir='ltr'><strong>et</strong></span> <span class='ocrx_word' id='word_1_220' title='bbox 1355 3799 1529 3854; x_wconf 89' lang='lat' dir='ltr'><strong>ecce</strong></span> <span class='ocrx_word' id='word_1_221' title='bbox 1580 3778 1956 3873; x_wconf 91' lang='lat' dir='ltr'><strong>quomodo</strong></span> <span class='ocrx_word' id='word_1_222' title='bbox 2021 3779 2330 3871; x_wconf 89' lang='lat' dir='ltr'><strong>stabant,</strong></span> <span class='ocrx_word' id='word_1_223' title='bbox 2392 3799 2584 3850; x_wconf 86' lang='lat' dir='ltr'><strong>come</strong></span> <span class='ocrx_word' id='word_1_224' title='bbox 2646 3787 2845 3870; x_wconf 70' lang='lat' dir='ltr'><strong>yente</strong></span> 
     </span>
     <span class='ocr_line' id='line_1_29' title="bbox 498 3898 2844 3996; baseline -0.002 -20"><span class='ocrx_word' id='word_1_225' title='bbox 498 3903 619 3976; x_wconf 69' lang='lat' dir='ltr'><strong>che</strong></span> <span class='ocrx_word' id='word_1_226' title='bbox 642 3921 865 3996; x_wconf 77' lang='lat' dir='ltr'><strong>pensa</strong></span> <span class='ocrx_word' id='word_1_227' title='bbox 890 3923 939 3973; x_wconf 88' lang='lat' dir='ltr'><strong>a</strong></span> <span class='ocrx_word' id='word_1_228' title='bbox 962 3922 1090 3975; x_wconf 79' lang='lat' dir='ltr'><strong>suo</strong></span> <span class='ocrx_word' id='word_1_229' title='bbox 1125 3904 1499 3991; x_wconf 79' lang='lat' dir='ltr'><strong>cammino,</strong></span> <span class='ocrx_word' id='word_1_230' title='bbox 1536 3900 1740 3994; x_wconf 90' lang='lat' dir='ltr'><strong>idest,</strong></span> <span class='ocrx_word' id='word_1_231' title='bbox 1776 3899 1968 3972; x_wconf 91' lang='lat' dir='ltr'><strong>sicut</strong></span> <span class='ocrx_word' id='word_1_232' title='bbox 2003 3898 2368 3994; x_wconf 89' lang='lat' dir='ltr'><strong>peregrini</strong></span> <span class='ocrx_word' id='word_1_233' title='bbox 2407 3899 2531 3992; x_wconf 91' lang='lat' dir='ltr'><strong>qui</strong></span> <span class='ocrx_word' id='word_1_234' title='bbox 2568 3899 2844 3973; x_wconf 84' lang='lat' dir='ltr'><strong>vadunt</strong></span> 
     </span>
     <span class='ocr_line' id='line_1_30' title="bbox 492 4018 2844 4118; baseline -0 -24"><span class='ocrx_word' id='word_1_235' title='bbox 492 4041 633 4118; x_wconf 74' lang='lat' dir='ltr'><strong>pro</strong></span> <span class='ocrx_word' id='word_1_236' title='bbox 682 4019 1153 4117; x_wconf 88' lang='lat' dir='ltr'><strong>indulgentia,</strong></span> <span class='ocrx_word' id='word_1_237' title='bbox 1205 4021 1308 4094; x_wconf 89' lang='lat' dir='ltr'><strong>sic</strong></span> <span class='ocrx_word' id='word_1_238' title='bbox 1360 4020 1581 4094; x_wconf 91' lang='lat' dir='ltr'><strong>modo</strong></span> <span class='ocrx_word' id='word_1_239' title='bbox 1638 4019 1754 4094; x_wconf 89' lang='lat' dir='ltr'><strong>isti</strong></span> <span class='ocrx_word' id='word_1_240' title='bbox 1814 4020 2038 4110; x_wconf 89' lang='lat' dir='ltr'><strong>ibant,</strong></span> <span class='ocrx_word' id='word_1_241' title='bbox 2091 4019 2213 4111; x_wconf 86' lang='lat' dir='ltr'><strong>qui</strong></span> <span class='ocrx_word' id='word_1_242' title='bbox 2277 4018 2533 4091; x_wconf 89' lang='lat' dir='ltr'><strong>timent</strong></span> <span class='ocrx_word' id='word_1_243' title='bbox 2584 4039 2844 4093; x_wconf 89' lang='lat' dir='ltr'><strong>errare</strong></span> 
     </span>
     <span class='ocr_line' id='line_1_31' title="bbox 496 4138 2847 4236; baseline -0.002 -21"><span class='ocrx_word' id='word_1_244' title='bbox 496 4139 748 4236; x_wconf 64' lang='lat' dir='ltr'><strong>invia,</strong></span> <span class='ocrx_word' id='word_1_245' title='bbox 789 4140 1086 4233; x_wconf 88' lang='lat' dir='ltr'><strong>quando</strong></span> <span class='ocrx_word' id='word_1_246' title='bbox 1138 4140 1376 4233; x_wconf 93' lang='lat' dir='ltr'><strong>primo</strong></span> <span class='ocrx_word' id='word_1_247' title='bbox 1427 4146 1600 4212; x_wconf 91' lang='lat' dir='ltr'><strong>sunt</strong></span> <span class='ocrx_word' id='word_1_248' title='bbox 1648 4138 1986 4212; x_wconf 87' lang='lat' dir='ltr'><strong>intraturi</strong></span> <span class='ocrx_word' id='word_1_249' title='bbox 2030 4143 2332 4211; x_wconf 87' lang='lat' dir='ltr'><strong>stratam</strong></span> <span class='ocrx_word' id='word_1_250' title='bbox 2386 4144 2690 4232; x_wconf 88' lang='lat' dir='ltr'><strong>rectam,</strong></span> <span class='ocrx_word' id='word_1_251' title='bbox 2727 4140 2847 4211; x_wconf 73' lang='lat' dir='ltr'><strong>che</strong></span> 
     </span>
     <span class='ocr_line' id='line_1_32' title="bbox 498 4259 2847 4354; baseline -0.001 -17"><span class='ocrx_word' id='word_1_252' title='bbox 498 4281 595 4337; x_wconf 80' lang='lat' dir='ltr'><strong>va</strong></span> <span class='ocrx_word' id='word_1_253' title='bbox 636 4263 751 4336; x_wconf 81' lang='lat' dir='ltr'><strong>ool</strong></span> <span class='ocrx_word' id='word_1_254' title='bbox 794 4281 985 4351; x_wconf 83' lang='lat' dir='ltr'><strong>core,</strong></span> <span class='ocrx_word' id='word_1_255' title='bbox 1035 4259 1243 4354; x_wconf 69' lang='lat' dir='ltr'><strong>idest,</strong></span> <span class='ocrx_word' id='word_1_256' title='bbox 1293 4280 1465 4334; x_wconf 92' lang='lat' dir='ltr'><strong>cum</strong></span> <span class='ocrx_word' id='word_1_257' title='bbox 1517 4260 1791 4353; x_wconf 90' lang='lat' dir='ltr'><strong>animo,</strong></span> <span class='ocrx_word' id='word_1_258' title='bbox 1842 4281 1880 4331; x_wconf 85' lang='lat' dir='ltr'><strong>e</strong></span> <span class='ocrx_word' id='word_1_259' title='bbox 1940 4260 2052 4330; x_wconf 88' lang='lat' dir='ltr'><strong>col</strong></span> <span class='ocrx_word' id='word_1_260' title='bbox 2110 4279 2327 4350; x_wconf 85' lang='lat' dir='ltr'><strong>corpo</strong></span> <span class='ocrx_word' id='word_1_261' title='bbox 2389 4261 2698 4350; x_wconf 82' lang='lat' dir='ltr'><strong>dimora,</strong></span> <span class='ocrx_word' id='word_1_262' title='bbox 2750 4279 2847 4334; x_wconf 89' lang='lat' dir='ltr'><strong>ne</strong></span> 
     </span>
    </p>
   </div>
   <div class='ocr_carea' id='block_1_3' title="bbox 498 4370 2982 4476">
    <p class='ocr_par' dir='ltr' id='par_1_4' title="bbox 498 4370 2982 4476">
     <span class='ocr_line' id='line_1_33' title="bbox 498 4370 2982 4476; baseline -0.001 -20"><span class='ocrx_word' id='word_1_263' title='bbox 498 4379 908 4456; x_wconf 83' lang='lat' dir='ltr'><strong>inconsulte</strong></span> <span class='ocrx_word' id='word_1_264' title='bbox 958 4385 1300 4454; x_wconf 88' lang='lat' dir='ltr'><strong>moveat:</strong></span> <span class='ocrx_word' id='word_1_265' title='bbox 1353 4386 1428 4455; x_wconf 92' lang='lat' dir='ltr'><strong>et</strong></span> <span class='ocrx_word' id='word_1_266' title='bbox 1455 4370 1531 4472; x_wconf 80' lang='lat'><strong>(³)</strong></span> <span class='ocrx_word' id='word_1_267' title='bbox 1582 4379 1873 4453; x_wconf 87' lang='lat' dir='ltr'><strong>interim</strong></span> <span class='ocrx_word' id='word_1_268' title='bbox 1932 4379 2272 4454; x_wconf 90' lang='lat' dir='ltr'><strong>viderunt</strong></span> <span class='ocrx_word' id='word_1_269' title='bbox 2321 4379 2685 4476; x_wconf 83' lang='lat' dir='ltr'><strong>Angelum</strong></span> <span class='ocrx_word' id='word_1_270' title='bbox 2726 4380 2845 4452; x_wconf 91' lang='lat' dir='ltr'><strong>lu—</strong></span> <span class='ocrx_word' id='word_1_271' title='bbox 2961 4433 2982 4454; x_wconf 87' lang='lat'><em>.</em></span> 
     </span>
    </p>
   </div>
   <div class='ocr_carea' id='block_1_4' title="bbox 627 4642 2607 4708">
    <p class='ocr_par' dir='ltr' id='par_1_5' title="bbox 627 4642 2607 4708">
     <span class='ocr_line' id='line_1_34' title="bbox 627 4642 2607 4708; baseline -0.001 -14"><span class='ocrx_word' id='word_1_272' title='bbox 627 4644 682 4705; x_wconf 79' lang='lat'><strong>(¹)</strong></span> <span class='ocrx_word' id='word_1_273' title='bbox 718 4645 776 4694; x_wconf 86' lang='lat' dir='ltr'><strong>E.</strong></span> <span class='ocrx_word' id='word_1_274' title='bbox 810 4646 1201 4708; x_wconf 79' lang='lat' dir='ltr'><strong>approperabat.</strong></span> <span class='ocrx_word' id='word_1_275' title='bbox 1451 4645 1506 4708; x_wconf 82' lang='lat'><strong>(’)</strong></span> <span class='ocrx_word' id='word_1_276' title='bbox 1540 4646 1603 4694; x_wconf 89' lang='lat' dir='ltr'><strong>E.</strong></span> <span class='ocrx_word' id='word_1_277' title='bbox 1636 4646 1896 4695; x_wconf 78' lang='lat' dir='ltr'><strong>absconsa.</strong></span> <span class='ocrx_word' id='word_1_278' title='bbox 2145 4642 2199 4705; x_wconf 80' lang='lat'><strong>(&#39;)</strong></span> <span class='ocrx_word' id='word_1_279' title='bbox 2231 4643 2280 4694; x_wconf 91' lang='lat' dir='ltr'><strong>S.</strong></span> <span class='ocrx_word' id='word_1_280' title='bbox 2314 4648 2368 4693; x_wconf 81' lang='lat' dir='ltr'><strong>et</strong></span> <span class='ocrx_word' id='word_1_281' title='bbox 2399 4644 2607 4692; x_wconf 83' lang='lat' dir='ltr'><strong>iterum.</strong></span> 
     </span>
    </p>
   </div>
  </div>
 </body>
</html>
