3704 5559
1376 508 1651 562 CANTUS
1702 511 1989 564 PRIMUS.
2764 500 2855 563 27

508 644 650 725 cosi
697 658 925 723 rotie?
958 651 1228 725 scilicet
1262 671 1393 745 per
1428 672 1581 746 voS,
1621 654 1817 746 quod
1852 662 1963 728 est
2004 655 2464 748 impossibile,
2501 675 2544 726 o
2592 649 2665 727 e‘e
2706 676 2860 729 mu-

510 779 650 844 tato
700 775 775 844 in
824 775 955 843 ciel
998 793 1182 844 novo
1215 775 1573 863 consiylz'O,
1611 774 1812 866 idest,
1857 796 1953 848 an
2007 776 2145 848 hoc
2181 781 2289 848 est
2324 774 2688 848 indultum
2728 797 2861 848 vo-

508 891 617 965 bis
667 912 761 965 ex
814 891 1104 987 speciali
1157 892 1393 987 gratia
1429 892 1693 985 divina,
1730 896 1849 965 che
1883 897 2204 985 dannati,
2242 894 2444 988 idest,
2482 915 2612 967 vos
2648 895 2860 967 dam-

508 1011 656 1083 nati
707 1011 782 1083 in
834 1010 1141 1103 inferno,
1196 1014 1412 1084 venite
1461 1034 1509 1083 α
1560 1016 1621 1084 le
1687 1016 1818 1084 mie
1866 1021 2146 1104 yrotte?
2198 1014 2402 1107 idest,
2454 1014 2546 1087 ad
2606 1015 2854 1087 locum

508 1132 935 1226 purgatorii.
1008 1200 1017 1211 ‚

654 1254 755 1321 Lo
805 1253 987 1323 duca
1038 1254 1199 1323 mio.
1253 1253 1395 1325 Ista
1458 1258 1568 1325 est
1633 1253 1844 1327 tertia
1911 1274 2080 1347 pars
2142 1255 2528 1349 generalis,
2585 1255 2656 1326 in
2709 1277 2857 1348 qua

506 1376 723 1464 poeta
776 1378 1023 1444 noster
1072 1370 1383 1445 ostendit
1427 1372 1798 1464 quomodo
1841 1372 2184 1466 Virgilius
2219 1373 2676 1467 responderit
2718 1374 2858 1446 Ca-
2887 1452 2904 1465 ‚

510 1491 661 1564 toni
711 1491 804 1564 ad
854 1491 1184 1585 quaesita,
1220 1498 1292 1564 et
1343 1491 1681 1586 petiverit
1733 1492 2152 1586 introitum3
2209 1501 2282 1566 et
2331 1494 2571 1587 primo
2610 1501 2859 1567 osten-

508 1611 610 1684 dit
662 1611 1031 1705 quomodo
1085 1612 1427 1706 Virgilius
1476 1612 1631 1685 viso
1683 1622 1757 1687 et
1809 1613 2060 1686 audito
2095 1614 2230 1686 isto
2265 1634 2440 1687 sene
2482 1614 2860 1708 sapientis-

510 1731 697 1803 simo
734 1730 1120 1804 reddiderit
1156 1732 1395 1826 ipsum
1435 1738 1903 1806 reverentem
1941 1753 2120 1827 erga
2158 1733 2386 1805 illum.
2426 1733 2609 1807 Dicit
2646 1753 2855 1827 ergo:

509 1855 610 1922 Lo
660 1852 840 1922 duca
889 1855 1055 1941 mi0,
1108 1852 1379 1926 scilicet
1430 1851 1772 1948 Virgilius
1823 1853 1951 1945 qui
1986 1853 2302 1926 duxerat
2336 1873 2458 1925 me
2492 1853 2731 1948 primo
2767 1852 2860 1925 ad

507 1971 974 2065 praesentiam
1027 1971 1408 2045 Charontis
1460 1972 1651 2045 senis
1696 1971 2038 2046 terribilis
2089 1972 2162 2043 in
2213 1972 2513 2045 introitu
2568 1971 2852 2064 inferni,

509 2095 585 2163 et
634 2112 828 2164 nunc
879 2091 1195 2165 duxerat
1248 2112 1368 2165 me
1418 2092 1509 2165 ad
1558 2092 2024 2185 praesentiam
2068 2092 2358 2166 Catonis
2399 2093 2589 2165 senis
2631 2112 2859 2166 vene-

510 2209 775 2304 rabiliS,
829 2211 1082 2285 volens
1136 2212 1462 2285 revereri
1516 2211 1719 2283 illum
1790 2217 1871 2283 ut
1920 2211 2225 2307 dignum
2278 2217 2460 2303 erat,
2515 2214 2699 2284 allor
2762 2215 2861 2283 mi

505 2325 621 2402 die*
664 2332 742 2402 di
777 2333 1027 2421 piqlio,
1082 2330 1285 2423 idest,
1340 2330 1527 2424 cepit
1580 2351 1702 2404 me
1752 2331 2018 2425 subito,
2070 2354 2107 2403 e
2156 2333 2488 2402 riverenti
2535 2333 2631 2401 mi
2672 2335 2744 2423 fe
2797 2335 2858 2402 le

507 2451 755 2539 yambe
804 2472 841 2521 e
866 2453 916 2521 ’l
961 2454 1193 2542 ciqliO,
1247 2451 1452 2544 idest,
1494 2450 1845 2545 disposuit
1896 2472 2017 2525 me
2067 2450 2159 2524 ad
2210 2450 2696 2544 praestandam
2740 2470 2857 2523 re-

508 2570 915 2645 verentiam
969 2570 1287 2644 debitam
1350 2570 1469 2662 illi,
1531 2571 1908 2644 curvando
1970 2571 2146 2643 mihi
2209 2591 2454 2665 genua
2519 2577 2592 2643 et
2651 2569 2856 2642 incli-

508 2689 750 2763 nando
802 2697 1022 2786 caput
1072 2689 1192 2784 illi,
1246 2710 1377 2761 con
1420 2693 1700 2781 parole,
1735 2711 1867 2762 con
1907 2693 2101 2762 mam·
2131 2711 2168 2760 e
2201 2710 2334 2761 con
2372 2691 2595 2778 cenni,
2645 2688 2855 2782 quasi

508 2811 718 2904 dicat,
772 2811 1115 2885 omnibus
1166 2811 1397 2885 modis
1433 2811 1701 2904 quibus
1735 2810 1968 2904 potuit
2003 2810 2075 2882 in
2114 2817 2262 2882 tam
2305 2810 2511 2882 brevi
2546 2815 2853 2902 puncto;

507 2931 703 3025 quia,
759 2937 842 3003 ut
882 2931 1038 3025 jam
1090 2931 1366 3005 dictum
1419 2936 1528 3004 est
1580 2951 1827 3023 supra,
1881 2930 2059 3002 Cato
2111 2935 2271 3003 erat
2331 2928 2594 3022 dignus
2657 2933 2856 3000 tanta

508 3051 945 3144 reverentia,
983 3051 1177 3143 quod
1232 3051 1422 3123 filius
1474 3052 1635 3144 plus
1689 3070 1835 3122 non
1881 3048 2096 3121 debet
2135 3047 2342 3141 patri.
2382 3047 2470 3118 Et
2502 3046 2703 3140 ponit
2739 3065 2859 3119 re-

507 3172 968 3267 sponsionem
1021 3171 1317 3266 Virgilii,
1364 3170 1488 3263 qui
1540 3170 1782 3265 primo
1835 3168 2225 3262 respondet
2276 3167 2619 3241 secundae
2671 3165 2857 3260 peti-

508 3292 682 3365 tioni
735 3290 1045 3382 CatoniS,
1100 3310 1246 3383 qua
1298 3290 1677 3383 petiverat,
1723 3289 1886 3382 quis
1931 3288 2249 3361 duxerat
2298 3308 2424 3362 eos
2477 3294 2551 3360 et
2602 3286 2856 3358 lumen

509 3410 820 3485 fecerat?
873 3410 1066 3482 unde
1119 3409 1333 3482 dicit:
1377 3412 1505 3500 poi
1552 3412 1820 3500 ris-pose
1872 3429 1918 3479 a
1970 3410 2090 3497 lui,
2142 3407 2347 3498 idest,
2394 3405 2654 3479 deinde
2705 3404 2856 3498 ipse

507 3529 848 3626 Virgilius
918 3528 1283 3621 respondit
1345 3527 1476 3621 ipsi
1528 3527 1828 3601 Catoni:
1890 3528 1990 3598 da
2051 3547 2158 3598 me
2220 3547 2365 3597 non
2425 3528 2665 3597 venui.-
2718 3543 2855 3596 nec

506 3650 904 3745 potuissem
958 3669 1131 3721 cum
1185 3647 1384 3720 omni
1419 3646 1692 3720 auxilio
1743 3652 1815 3720 et
1865 3645 2163 3719 consilio
2219 3646 2566 3718 humanae
2618 3643 2856 3717 scien-

508 3770 649 3862 tiae,
702 3770 828 3843 sed
878 3768 1176 3862 divinae3
1230 3767 1427 3841 unde
1486 3766 1695 3839 dicit:
1762 3768 2032 3856 donna,
2098 3765 2369 3838 scilicet
2419 3762 2711 3837 Beatrix
2753 3755 2852 3853 (¹),

511 3910 679 3983 quae
728 3897 838 3964 est
888 3909 1095 3963 sacra
1149 3888 1535 3983 theologia,
1587 3908 1771 3959 scese
1819 3889 1948 3958 dal
1994 3889 2144 3975 ciel,
2206 3885 2380 3978 quia
2437 3885 2593 3956 haec
2645 3902 2855 3955 sacra

509 4010 807 4084 scientia
859 4030 1005 4094 non
1059 4015 1170 4083 est
1218 4009 1384 4082 data
1446 4007 1863 4080 hominibus
1913 4026 2045 4099 per
2095 4002 2673 4097 acquisitionem,
2728 4001 2855 4074 sed

508 4151 640 4226 per
691 4130 1126 4203 infusionem
1179 4149 1222 4202 a
1275 4129 1450 4221 Deo,
1506 4127 1701 4199 unde
1752 4125 1967 4198 dicit:
2016 4145 2149 4216 per
2201 4125 2250 4195 li
2282 4124 2392 4194 cui
2411 4123 2667 4213 preqlzi
2709 4124 2858 4193 del-

509 4254 582 4323 la
631 4254 775 4323 mia
824 4252 1245 4342 compa-qnia
1296 4251 1512 4321 cestui
1559 4248 1918 4334 sovvenni,
1960 4244 2253 4336 scilicet,
2293 4241 2406 4315 isti
2458 4242 2692 4335 Danti,
2732 4242 2856 4334 qui

509 4369 722 4443 datus
774 4376 882 4444 est
934 4369 1110 4454 mihi
1163 4368 1541 4441 ducendus
1582 4387 1713 4460 per
1765 4364 2134 4438 infernum
2187 4370 2261 4437 et
2313 4362 2857 4457 purgatorium,

635 4636 692 4697 (¹)
720 4636 783 4686 E.
817 4636 1026 4685 domina
1058 4636 1278 4686 Beati-ix.
