3704 5559
878 526 1020 591 292
1596 536 2005 592 comENTUM
2057 538 2500 592 PURGATORn

875 703 1022 756 non
1072 688 1245 755 sunt
1295 681 1675 775 homines;
1728 682 1855 756 sed
1911 702 2116 756 mens
2167 681 2382 755 dicit:
2436 682 2585 754 imo
2637 688 2828 755 sunt.
2883 683 2971 754 Et
3020 679 3222 775 ponit

877 801 1420 896 responsionem
1476 801 1749 897 Virgilii
1787 801 1914 895 qui
1950 801 2220 897 detegit
2256 802 2384 874 sibi
2426 801 2741 875 sormam
2793 801 2987 894 facti,
3023 799 3221 875 unde

871 921 1088 995 dicit:
1140 929 1206 994 et
1253 925 1365 994 elli
1404 943 1453 993 a
1487 942 1620 1011 me,
1658 921 1935 1015 supple,
1978 921 2319 1016 Virgilius
2360 920 2538 994 dixit
2586 920 2802 994 mibi:
2865 924 2938 993 Ia
2995 941 3219 1012 prave

738 1096 743 1102 -
871 1044 1278 1114 condizione
1312 1044 1388 1114 di
1419 1045 1532 1114 lor
1567 1048 1906 1113 tormento
1943 1062 1990 1112 a
2026 1048 2223 1113 terra
2256 1044 2357 1131 qli
2402 1042 2839 1131 rannicclzia,
2875 1039 3059 1112 idest
3103 1039 3216 1112 in-

871 1168 1158 1253 curvat,
1202 1160 1409 1254 quasi
1445 1160 1670 1233 dicat:
1710 1159 1834 1252 qui
1873 1161 2201 1234 solebant
2243 1160 2645 1233 extendere
2692 1180 2772 1233 se
2806 1160 2880 1232 in
2917 1160 3215 1252 coelum‚

873 1301 1070 1353 nunc
1135 1281 1574 1353 contrahunt
1625 1300 1705 1353 se
1755 1280 1847 1353 ad
1920 1286 2232 1372 terram3
2285 1272 2345 1351 si
2403 1282 2523 1352 clze
2581 1282 2609 1352 i
2665 1283 2823 1352 miei
2883 1282 3074 1352 occhi
3139 1283 3215 1352 in

861 1403 1033 1491 pria
1100 1400 1398 1471 n'ebber
1466 1403 1833 1492 tenzione3
1895 1400 2104 1492 quasi
2168 1399 2398 1472 dicat:
2470 1419 2611 1494 ego
2669 1400 2827 1493 jam
2890 1398 3215 1472 dubitavi

873 1520 1106 1614 prima
1158 1519 1343 1594 facie
1392 1520 1687 1614 quando
1718 1512 1792 1611 (⁴)
1847 1521 2086 1614 primo
2139 1519 2304 1613 vidi,
2360 1520 2569 1613 quasi
2621 1519 2852 1594 dicat:
2908 1541 3056 1593 non
3105 1518 3214 1592 vi-

870 1640 1136 1714 dentur
1173 1639 1266 1711 illi
1309 1639 1500 1733 elati,
1555 1640 1679 1732 qui
1732 1639 2063 1714 solebant
2115 1640 2222 1713 ire
2273 1660 2444 1712 cum
2499 1639 2733 1733 capite
2780 1639 2879 1714 ita
2950 1641 3208 1713 levato.

869 1761 957 1832 Et
1017 1760 1229 1835 docet
1291 1759 1631 1856 Virgilius
1692 1779 2139 1855 cognoscere
2201 1780 2351 1848 eoS,
2402 1759 2685 1833 dicens:
2754 1781 2873 1832 ma
2930 1761 3216 1850 guarda

863 1882 997 1971 fiso
1049 1870 1147 1969 ld,
1199 1878 1605 1952 inclinando
1659 1886 1755 1972 te,
1807 1901 1844 1951 e
1894 1882 2339 1971 disciticchia,
2376 1880 2581 1973 idest,
2619 1879 2930 1953 dissolve
2984 1886 3059 1953 et
3107 1879 3217 1952 di-

869 2020 1150 2093 scerne,
1203 2003 1314 2072 col
1362 2003 1510 2072 viso
1561 2004 1717 2090 quel
1763 2002 1883 2072 che
1931 2004 2084 2072 vien
2132 2009 2308 2073 sotto
2350 2005 2506 2091 quei
2542 2004 2726 2073 sassi
2737 2026 2777 2093 ‚r
2820 2000 3026 2092 idest,
3078 1998 3213 2071 sub

870 2121 1195 2216 pondere
1245 2141 1645 2212 saxorum3
1695 2113 1815 2210 9ίὰ
1875 2142 2190 2212 scoryer,
2246 2121 2448 2212 idest,
2504 2120 2981 2216 perpendere,
3036 2121 3209 2211 puoi

872 2262 1062 2314 come
1112 2242 1392 2311 ciascun
1441 2242 1505 2310 si
1545 2242 1839 2331 picchia,
1896 2239 2098 2332 idest,
2155 2242 2467 2334 percutit
2516 2241 2648 2314 sibi
2701 2246 2956 2336 pectus
3006 2237 3212 2334 geni-

874 2361 1014 2434 bus
1066 2359 1431 2455 gravitate
1465 2359 1802 2453 ponderis
1837 2367 2218 2455 premente
2249 2352 2319 2452 (2)
2360 2360 2557 2435 eum.
2589 2402 2686 2414 —
2722 2365 2801 2434 0.
2840 2362 2966 2434 Hic
3003 2366 3212 2455 poeta

874 2481 1109 2577 gratia
1162 2480 1674 2574 praedictorum
1728 2480 1898 2554 facit
1951 2503 2172 2554 unam
2226 2482 2558 2575 pulcram
2600 2488 2675 2555 et
2709 2483 2963 2556 utilem
3011 2482 3215 2556 inve-

871 2602 1140 2677 ctivam
1200 2608 1455 2675 contra
1520 2622 1754 2696 genus
1814 2603 2329 2696 superborum,
2384 2604 2509 2696 qui
2578 2603 3009 2698 superbiunt
3076 2623 3209 2695 pro

873 2723 1097 2798 rebus
1150 2721 1576 2796 vanissimis.
1630 2722 1835 2797 Unde
1885 2722 2091 2796 dicit:
2138 2726 2198 2796 Ο
2230 2725 2510 2815 superbi
2556 2727 2895 2813 cristiani,
2949 2730 3209 2797 notan-

871 2851 984 2917 ter
1040 2844 1210 2916 dicit
1268 2843 1660 2937 christiani,
1714 2844 1888 2937 quia
1939 2844 2261 2918 infideles
2330 2844 2421 2916 ad
2483 2845 2991 2940 purgatorium
3068 2866 3212 2918 non

870 2962 1212 3055 veniunt3
1265 2966 1502 3034 miseri
1549 2966 1742 3051 lassi,
1796 2963 1968 3055 quia
1998 2953 2073 3055 (³)
2112 2963 2541 3036 miserabilis
2577 2970 2686 3037 est
2719 2984 3012 3058 semper
3054 2963 3213 3036 finis

869 3082 1412 3175 superborum3
1474 3084 1616 3172 che,
1681 3084 1866 3153 della
1938 3085 2114 3154 vista
2173 3086 2357 3155 della
2420 3092 2639 3156 mente
2698 3086 3004 3178 infermi,
3068 3103 3215 3156 non

867 3207 1253 3274 cernentes
1330 3200 1826 3273 infirmitatem
1885 3203 2226 3273 humanae
2291 3209 2604 3293 naturae,
2667 3206 2963 3294 lidanza
3023 3208 3216 3274 avete

867 3323 979 3392 nei
1024 3322 1269 3391 ritrosi
1305 3322 1531 3410 passi,
1572 3318 1776 3412 idest,
1819 3319 1895 3392 in
1948 3320 2098 3392 istis
2150 3320 2489 3411 fortuiti5‚
2528 3341 2657 3415 per
2699 3342 2867 3413 quae
2919 3320 3210 3394 creditis

869 3440 1171 3513 tendere
1222 3439 1294 3511 in
1346 3439 1575 3511 altum
1631 3447 1705 3512 et
1759 3440 2166 3512 relabimini
2212 3442 2284 3513 in
2325 3441 2714 3515 miseriam.
2757 3442 2845 3514 Et
2888 3442 3003 3515 bic
3041 3448 3210 3515 nota

869 3559 1063 3653 quod
1117 3564 1329 3653 poeta
1382 3559 1655 3653 optime
1704 3559 1874 3632 dicit
1893 3583 1912 3652 ;
1963 3581 2135 3633 cum
2191 3561 2462 3633 Plinius
2515 3583 2844 3657 paganus
2896 3562 3085 3635 dicat
3139 3561 3212 3635 in

869 3679 1223 3773 septimo:
1278 3682 1553 3752 miseret
1615 3686 1680 3751 et
1739 3683 1943 3752 etiam
1987 3683 2205 3770 pudet
2261 3684 2605 3751 eaecimare
2656 3702 2865 3771 quam
2929 3684 3017 3753 sit
3071 3684 3213 3774 sri-

869 3802 1030 3874 vola
1079 3803 1284 3889 oripo
1333 3801 1802 3893 superbissimi
1852 3804 2286 3889 animalium,
2340 3821 2536 3890 quem
2587 3823 2772 3893 soepe
2834 3813 3204 3893 antequam
3336 3887 3345 3896 ,

868 3928 1202 3993 nascatur
1245 3926 1458 4016 foetor
1507 3923 1817 3993 candelae
1852 3924 2171 3993 extincta
2211 3924 2575 4012 eoeciuyuit,
2627 3927 2692 3992 et
2739 3929 2979 3993 natum
3019 3943 3212 3993 mor-

864 4063 983 4114 sus
1048 4043 1278 4113 culicis
1332 4049 1557 4129 necat,
1618 4048 1684 4113 et
1729 4043 1885 4131 ipsa
1952 4044 2091 4112 vila
2153 4048 2413 4131 quanto
2479 4043 2759 4130 [θηρίον
2819 4049 3011 4113 tanto
3080 4043 3211 4112 mi-

864 4166 1113 4234 serior.
1193 4161 1396 4235 Unde
1448 4161 1741 4254 quidam
1797 4159 2342 4234 extimaverunt
2408 4180 2568 4233 esse
2629 4161 2988 4255 optimum
3063 4182 3209 4234 non

869 4283 1088 4375 nasci,
1138 4289 1269 4355 aut
1319 4282 1660 4355 citissime
1714 4281 1923 4354 mori.
1977 4281 2146 4354 ldeo
2199 4281 2385 4355 bene
2428 4280 2598 4354 dicit
2635 4280 2940 4353 Plinius:
2988 4285 3120 4369 Qui
3154 4288 3215 4354 te

868 4408 1088 4475 Deum
1148 4404 1374 4472 credis
1438 4404 1675 4491 aliqua
1728 4404 2193 4492 prosperitate
2253 4402 2652 4492 superbiens
2717 4408 2859 4473 tam
2912 4404 3213 4493 faciliter

991 4585 1048 4647 (¹)
1083 4585 1140 4634 E.
1175 4584 1380 4647 quando
1412 4598 1510 4647 ego
1546 4586 1729 4647 primo.
2073 4584 2129 4644 (²)
2164 4585 2224 4633 E.
2260 4599 2290 4646 p
2295 4599 2470 4634 eeeee
2476 4587 2539 4635 tis
2571 4598 2711 4635 eum.

990 4661 1044 4724 (⁸)
1080 4661 1138 4711 E.
1174 4662 1292 4723 quia
1326 4662 1643 4711 miserabiles
1676 4665 1812 4722 sunl,
1846 4666 1901 4710 et
1934 4661 2239 4711 miserabilis
2269 4667 2363 4711 est.
