3704 5559
887 462 1027 525 502
1602 469 2010 524 COMENTUM
2061 468 2505 522 PURGAToau

883 615 1072 687 illius
1121 615 1520 704 blanditias.
1580 615 1756 688 Dicit
1810 635 1991 709 ergo
2042 612 2578 686 continuative:
2625 619 2862 685 Ancor
2913 634 3059 684 non
3102 635 3231 684 era

881 755 1013 807 sua
1061 736 1273 808 bocca
1320 737 1649 824 richiusa,
1687 733 1860 826 quia
1899 733 2140 806 adhuc
2182 732 2612 827 persistebat
2664 732 2735 804 in
2790 739 3009 805 cantu
3064 753 3224 826 suo,

883 860 1166 947 quando
1215 837 1384 928 una⁴
1411 858 1678 944 donna,
1730 855 1921 927 bene
1972 860 2186 927 vocat
2237 852 2448 925 istam
2498 852 2895 946 dominam,
2949 852 3077 925 ubi
3140 851 3228 924 il-

881 977 1029 1051 lam
1083 982 1478 1050 vocaverat
1531 976 1909 1066 famulam,
1962 973 2136 1065 quia
2203 972 2388 1046 ratio
2449 971 2666 1046 debet
2716 972 3099 1062 dominari,
3151 979 3223 1044 et

881 1095 1119 1191 passio
1171 1094 1572 1187 famulari3.
1606 1115 1948 1186 apparve,
1999 1091 2291 1184 scilicet,
2328 1092 2401 1164 in
2435 1091 2741 1184 somnio,
2777 1098 3009 1180 santa,
3053 1091 3223 1182 quia

883 1214 1105 1288 efficit
1156 1214 1486 1286 homines
1539 1219 1849 1305 sanctoS,
1886 1212 2037 1284 imo
2086 1212 2286 1303 deoS,
2331 1211 2448 1283 vel
2488 1217 2722 1300 santa,
2760 1209 2941 1283 idest
2991 1209 3223 1308 firma,

883 1334 1011 1406 ubi
1062 1334 1182 1406 illa
1233 1340 1393 1407 erat
1444 1333 1728 1406 mobilis
1780 1338 1852 1406 et
1905 1331 2295 1423 mutabilis,
2357 1352 2393 1401 e
2430 1337 2702 1422 presta,
2755 1331 2929 1423 quia
2982 1330 3221 1402 statim

883 1454 1250 1527 succurrit
1286 1453 1560 1526 homini
1595 1458 1849 1526 contra
1886 1451 2286 1545 appetitum
2332 1449 2835 1542 sensualitatis,
2865 1451 3225 1540 lunyhesso

884 1596 933 1645 a
982 1595 1113 1664 me,
1168 1572 1350 1646 idest
1401 1593 1627 1667 prope
1682 1592 1825 1665 me,
1882 1571 1956 1644 in
2009 1572 2337 1645 favorem
2391 1591 2668 1663 meum,
2707 1591 2839 1660 per
2885 1573 3012 1662 sar
3062 1572 3230 1641 colei

883 1697 1202 1786 confusa,
1254 1712 1422 1786 quae
1477 1693 1677 1788 prius
1728 1691 2183 1787 gloriabatur
2232 1689 2324 1763 de
2375 1689 2695 1783 potentia
2747 1694 2821 1761 et
2887 1687 3228 1781 placibili-

886 1821 1035 1889 tate
1085 1835 1242 1887 sua.
1296 1814 1385 1886 Et
1435 1811 1742 1886 ostendit
1778 1810 2150 1904 quomodo
2198 1808 2514 1881 recurrit
2547 1807 2639 1880 ad
2674 1808 3083 1903 Virgilium,
3117 1806 3229 1879 di-

884 1955 1107 2009 cens:
1163 1937 1384 2023 dicea,
1436 1931 1726 2023 scilicet,
1781 1951 1920 2025 ego
1978 1930 2266 2020 DanteS‚
2314 1930 2741 2019 fier-amente,
2802 1949 2847 1998 o
2913 1929 3222 2015 Viryilio,

900 2055 1212 2143 VirgiliO,
1265 2051 1695 2124 admirative
1746 2050 2096 2142 loquitur,
2150 2051 2258 2120 chi
2306 2041 2348 2119 ἐ
2404 2055 2641 2138 questa
2666 2055 2702 2119 ?
2751 2047 3041 2137 scilicet,
3090 2044 3227 2116 do-

886 2171 1108 2263 mina,
1164 2177 1314 2242 tam
1367 2170 1776 2263 imperiosae
1828 2167 2279 2242 autoritatis:
2318 2174 2383 2239 ec
2412 2170 2498 2257 ei,
2533 2167 2824 2259 scilicet,
2860 2165 3227 2260 VirgiliuS,

885 2282 1091 2362 venia
1141 2310 1272 2360 con
1321 2292 1421 2379 yli
1470 2292 1660 2361 occhi
1702 2291 1833 2380 ficti
1873 2311 2019 2380 pur
2057 2292 2134 2359 in
2185 2291 2413 2379 quella
2461 2295 2700 2360 onesta
2719 2314 2750 2379 ,·
2793 2293 2867 2360 et
2909 2287 3010 2359 sic
3062 2285 3226 2359 vide

886 2409 1084 2502 quod
1135 2410 1394 2482 oculus
1447 2409 1692 2482 Dantis
1744 2409 1818 2481 in
1870 2429 2093 2482 carne
2131 2408 2408 2502 positus
2460 2408 2884 2502 respiciebat
2940 2414 3224 2480 tantum

885 2549 1058 2603 cum
1130 2529 1610 2602 delectatione
1689 2529 1883 2601 illam
1952 2527 2264 2622 primam
2330 2527 2713 2619 lubricam,
2776 2526 2901 2599 sed
2965 2526 3227 2599 oculus

885 2648 1162 2744 Virgilii
1212 2648 1368 2721 sine
1419 2668 1643 2722 carne
1697 2647 2124 2741 respiciebat
2176 2647 2387 2720 istam
2443 2648 2840 2721 secundam
2878 2667 3051 2719 cum
3094 2667 3225 2720 ve-

886 2768 1313 2844 neratione:
1367 2769 1488 2842 illa
1539 2769 1730 2843 enim
1796 2767 2181 2843 videbatur
2242 2768 2493 2862 pulcra
2555 2775 2627 2843 et
2688 2767 3039 2860 amabilis,
3091 2766 3227 2840 ista

886 2908 1065 2962 vero
1117 2888 1369 2983 rigida,
1423 2888 1547 2962 sed
1603 2888 2056 2962 venerabilis
2112 2889 2198 2960 Et
2252 2888 2491 2961 subdit
2552 2889 2910 2963 maiorem
2969 2894 3229 2981 poten-

886 3009 1058 3081 tiam
1126 3008 1332 3080 istius
1402 3008 1752 3101 mulieris,
1808 3029 1977 3101 quae
2042 3007 2345 3080 faciliter
2408 3007 2780 3081 confundit
2843 3007 3064 3099 illam,
3116 3007 3228 3079 di-

886 3147 1098 3201 cens:
1154 3134 1227 3200 et
1280 3126 1413 3198 ista
1465 3128 1754 3219 mulier,
1798 3131 2119 3218 prandea
2170 3130 2213 3198 l’
2242 3131 2458 3216 altra,
2509 3129 2625 3200 vel
2677 3127 3013 3222 Virgilius
3064 3127 3215 3217 fuit,

884 3267 922 3316 e
971 3248 1264 3317 dinanzi
1314 3248 1357 3316 l’
1385 3249 1597 3337 apria
1639 3250 1991 3340 [eudendo
2040 3251 2067 3318 i
2114 3250 2398 3340 drappi,
2452 3254 2526 3321 et
2577 3248 2804 3339 bene;
2840 3269 3007 3320 nam
3058 3246 3222 3338 pul-

885 3363 1174 3436 critudo
1226 3370 1378 3437 tota
1415 3365 1601 3437 illius
1643 3367 1966 3439 consistit
2001 3369 2237 3440 solum
2278 3368 2350 3440 in
2388 3367 2790 3462 superficie.
2830 3369 3012 3440 Nam
3049 3388 3224 3440 ava-

887 3482 1050 3555 ritia
1101 3483 1391 3557 videtur
1441 3484 1692 3578 pulcra
1746 3485 1817 3556 in
1870 3508 2080 3581 auro,
2136 3494 2467 3583 argento,
2521 3488 2882 3579 vestibus3
2918 3487 3113 3583 gula,
3150 3487 3221 3559 in

883 3601 1083 3691 cibis,
1137 3603 1369 3696 vinis3
1436 3604 1731 3676 luxuria
1798 3604 2091 3679 videtur
2141 3607 2584 3701 pulcerrima
2638 3609 2709 3680 in
2764 3608 3216 3699 mulieribuS,

884 3723 1010 3798 sed
1062 3724 1365 3798 interius
1415 3725 1591 3798 latet
1641 3725 1880 3798 omnis
1933 3727 2308 3822 turpitudo
2372 3734 2443 3802 et
2503 3730 2985 3822 abominatio,
3031 3728 3222 3800 unde

882 3843 1098 3916 dicit:
1151 3865 1188 3916 e
1238 3847 1696 3917 mostravami
1741 3848 1796 3918 il
1841 3853 2102 3936 ventre,
2138 3868 2267 3919 vas
2304 3847 2673 3921 foetidum:
2718 3848 2879 3921 ideo
2925 3849 3223 3921 conclu-

882 3963 985 4035 dit
1037 3964 1430 4058 somnium,
1483 3967 1640 4055 quel
1699 3968 1796 4036 mi
1850 3959 2139 4056 sveylid,
2193 3965 2396 4060 idest,
2461 3967 2803 4041 excitavit
2869 3988 2989 4040 me
3054 3967 3225 4039 dor-

883 4084 1259 4175 mientem,
1311 4087 1425 4157 col
1473 4106 1711 4176 puzzo
1775 4088 1895 4157 che
1957 4088 2268 4158 n'uscz‘a.
2322 4085 2381 4158 Ο
2445 4108 2666 4178 quam
2733 4087 2942 4179 bene,
2996 4107 3219 4179 quam

881 4203 1138 4299 pulcre
1188 4202 1358 4276 dicit
1407 4204 1543 4277 iste
1586 4206 1938 4278 honestus
1974 4211 2047 4279 et
2081 4225 2308 4280 verax
2345 4213 2598 4300 poeta:
2635 4227 2879 4281 nonne
2913 4213 3022 4280 est
3064 4227 3224 4280 ma-

882 4341 1075 4417 gnus
1127 4320 1343 4392 foetor
1393 4323 1597 4396 avari
1636 4324 1763 4416 qui
1799 4323 2024 4396 foedat
2056 4326 2303 4399 omnia
2338 4326 2594 4419 pulcra
2646 4334 2719 4400 et
2769 4325 3221 4400 honorabilia

884 4462 1020 4515 sua
1053 4439 1395 4514 miseria?
1431 4441 1592 4515 ideo
1642 4444 1913 4538 harpiae
1950 4449 2360 4519 stercorant
2396 4468 2726 4520 mensam
2761 4446 2985 4521 avari.
3025 4446 3226 4532 Qua-

882 4561 968 4635 lis
1020 4562 1236 4635 t'oetor
1285 4561 1575 4657 gulosi?
1626 4583 1871 4638 nonne
1920 4583 2013 4638 ex
2066 4565 2420 4640 ebrietate
2470 4565 2660 4640 cadit
2694 4566 2766 4638 in
2810 4568 3100 4639 lutum?
3139 4585 3223 4640 os
