3704 5559
1143 492 1419 547 CANTUs
1470 494 1785 551 nEchs
1836 494 2202 547 summus.
2702 484 2843 549 457

504 638 677 733 quia
729 637 1176 734 pulcerrima
1230 644 1412 732 erat,
1464 660 1632 732 quae
1700 639 1952 714 venire
2013 638 2466 735 contempsit.
2528 642 2635 713 Ex
2697 660 2847 734 quo

504 779 638 833 rex
690 758 802 833 ira
851 777 1246 832 succensus
1282 758 1374 832 de
1414 779 1725 833 suorum
1778 759 2077 834 consilio
2130 760 2564 854 sapientum,
2625 780 2849 854 repu-

503 879 694 954 diata
747 900 858 973 ea,
912 878 1285 952 mandavit
1337 880 1533 972 quod
1587 900 1676 954 ex
1732 879 2074 952 omnibus
2115 879 2502 974 provinciis
2553 900 2846 973 quaere-

506 1007 767 1074 rentur
793 998 1111 1095 virgines
1145 998 1428 1092 puellae,
1459 1004 1541 1071 ut
1566 1019 1658 1073 ex
1693 1019 2008 1074 numero
2038 1001 2443 1073 multarum
2476 1005 2845 1092 quaereret

505 1118 638 1191 sibi
690 1139 914 1191 unam
966 1118 1041 1190 in
1095 1138 1428 1191 uxorem.
1483 1119 1657 1191 Erat
1705 1126 1957 1193 autem
2009 1119 2085 1193 in
2142 1119 2432 1194 civitate
2483 1118 2842 1192 Susarum

507 1239 806 1333 quidam
838 1238 1129 1333 judaeus
1173 1238 1470 1312 nomine
1512 1239 2012 1312 Mardochaeus
2063 1240 2340 1314 habens
2392 1246 2735 1334 nepotem
2768 1230 2840 1329 (⁴)

505 1358 802 1432 nomine
851 1358 1109 1432 Esther
1160 1356 1381 1431 filiam
1443 1358 1710 1453 fratriS,
1763 1380 1990 1453 quam
2051 1360 2528 1454 adoptaverat
2585 1359 2718 1433 sibi
2770 1358 2842 1430 in

502 1478 747 1553 filiam.
819 1479 960 1552 Ista
1028 1478 1194 1552 data
1260 1486 1368 1553 est
1421 1480 1610 1553 inter
1660 1480 1838 1553 alias
1889 1501 2063 1553 cum
2122 1481 2568 1575 pulcerrima
2628 1486 2841 1573 esset,

504 1606 580 1673 et
627 1599 900 1672 invenit
950 1599 1262 1696 gratiam
1317 1598 1511 1694 apud
1555 1619 1833 1694 regem,
1878 1620 2015 1674 nec
2052 1586 2392 1674 indicavit
2426 1621 2595 1693 quae
2629 1604 2841 1692 esset,

504 1720 677 1813 quia
730 1719 828 1794 ita
879 1726 1327 1814 praeceperat
1368 1718 1499 1792 sibi
1537 1719 2054 1793 Mardochaeus.
2094 1721 2267 1794 Erat
2306 1729 2560 1796 autem
2604 1721 2844 1795 incre-

504 1838 734 1912 dibilis
783 1838 1311 1933 pulcritudinis,
1362 1838 1716 1932 amabiliS,
1767 1839 2109 1934 gratiosa.
2149 1840 2305 1914 Rex
2342 1860 2520 1915 vero
2563 1840 2845 1914 exalta-

505 1966 711 2034 verat
762 1979 984 2054 super
1035 1978 1294 2033 omnes
1345 1957 1742 2052 quemdam
1796 1979 2017 2031 suum
2072 1959 2495 2054 principem,
2536 1960 2655 2034 cui
2708 1980 2844 2034 no-

505 2099 676 2153 men
712 2085 873 2153 erat
902 2078 1160 2172 Aman,
1189 2098 1413 2172 quem
1452 2098 1710 2152 omnes
1747 2079 2293 2152 venerabantur
2328 2085 2403 2153 et
2437 2079 2845 2154 adorabant

509 2205 778 2293 praeter
811 2199 1370 2273 Mardochaeum.
1407 2198 1569 2285 Quo
1612 2199 1926 2295 cognitO,
1961 2200 2199 2273 Aman
2235 2207 2434 2274 tanta
2474 2199 2584 2274 ira
2618 2206 2693 2274 et
2734 2199 2845 2272 in·-

503 2318 914 2416 dignatione
964 2325 1380 2393 commotus
1432 2324 1562 2412 est,
1604 2319 1800 2412 quod
1854 2339 2000 2391 non
2053 2325 2441 2393 contentus
2493 2320 2842 2415 supplicio

504 2438 719 2512 unius
769 2438 1098 2533 concepit
1149 2437 1647 2513 exterminare
1707 2457 1931 2512 omne
1957 2429 2030 2530 (²)
2100 2459 2338 2534 genus
2389 2439 2838 2533 judaeorum.

500 2558 690 2631 Dixit
740 2578 919 2654 ergo
969 2558 1129 2653 regi
1181 2558 1380 2651 quod
1431 2558 1628 2631 natio
1675 2557 2013 2650 quaedam
2050 2557 2373 2652 dispersa
2408 2560 2677 2632 eratin
2720 2580 2844 2634 re-

498 2700 645 2775 gno
684 2698 843 2772 su0,
880 2697 1046 2772 quae
1098 2697 1247 2750 non
1296 2678 1635 2751 servabat
1686 2684 1960 2751 sectam
1990 2666 2104 2770 (³);
2147 2677 2311 2751 ideo
2360 2677 2637 2751 bonum
2681 2685 2843 2752 erat

503 2800 658 2895 regi
708 2805 782 2872 et
832 2798 1009 2872 utile
1060 2797 1256 2891 quod
1299 2804 1449 2871 tota
1484 2797 1879 2890 deleretur,
1917 2803 1991 2871 et
2026 2798 2396 2871 maximus
2445 2799 2841 2873 thesaurus

501 2918 916 2993 haberetur.
967 2918 1124 2992 Rex
1159 2917 1525 3011 creduluS,
1569 2917 1833 2991 tradito
1877 2917 2152 2991 annulo
2190 2937 2328 2992 suo
2362 2918 2621 3012 Aman,
2658 2918 2840 2992 dixit

503 3039 697 3134 quod
748 3058 969 3113 omne
1016 3044 1412 3135 argentum
1464 3044 1656 3111 esset
1719 3059 1969 3131 suum,
2022 3044 2098 3113 et
2144 3039 2238 3113 de
2297 3044 2517 3135 gente
2568 3038 2844 3114 faceret

499 3160 843 3254 quicquid
895 3159 1131 3234 vellet.
1185 3160 1312 3233 Ille
1363 3158 1556 3231 misit
1617 3158 1864 3232 literas
1923 3179 2053 3252 per
2110 3178 2369 3233 omnes
2432 3159 2843 3254 provincias

499 3280 592 3356 ad
642 3300 900 3355 omnes
948 3279 1315 3376 praesideS,
1368 3285 1453 3352 ut
1501 3299 1759 3353 omnes
1794 3279 2070 3353 hebraei
2107 3300 2254 3353 una
2294 3286 2496 3354 certa
2532 3279 2650 3354 die
2683 3280 2842 3355 sine

501 3397 930 3474 discretione
970 3418 1194 3473 sexus
1233 3399 1349 3472 vel
1384 3397 1615 3472 aetatis
1648 3404 2115 3473 necarentur.
2145 3398 2425 3492 Esther,
2455 3399 2595 3473 hoc
2634 3398 2838 3494 scito,

499 3518 592 3593 ad
639 3539 895 3615 preces
944 3517 1371 3592 Mardochaei
1426 3517 1763 3612 exposuit
1814 3538 1895 3592 se
1954 3519 2282 3612 periculo
2333 3519 2613 3613 mortiS,
2667 3521 2841 3612 quia

500 3639 744 3713 nullus
794 3639 1097 3733 impune
1144 3643 1433 3732 poterat
1482 3637 1836 3712 accedere
1886 3637 1980 3711 ad
2033 3658 2286 3733 regem
2330 3638 2465 3712 nisi
2511 3645 2836 3713 vocatus.

499 3757 631 3831 Ivit
680 3779 862 3852 ergo
912 3768 988 3835 et
1034 3757 1345 3854 gratiam
1401 3756 1810 3852 promeruit
1861 3763 1935 3831 et
1983 3756 2235 3851 petivit
2270 3776 2315 3831 a
2351 3777 2530 3853 rege
2573 3763 2655 3830 ut
2690 3757 2843 3853 ipse

501 3883 575 3951 et
622 3877 858 3950 Aman
908 3876 1240 3951 venirent
1302 3876 1393 3951 ad
1458 3875 1878 3950 convivium
1940 3897 2184 3949 suum.
2256 3874 2553 3950 Interim
2604 3874 2840 3950 Aman

503 3996 751 4072 videns
784 3997 1324 4073 Mardochaeum
1366 4017 1576 4071 more
1611 3996 1821 4070 solito
1863 4016 2012 4069 non
2043 4016 2439 4092 assurgere
2469 3996 2631 4091 sibi,
2673 3996 2843 4072 fecit

500 4118 682 4215 erigi
713 4108 786 4210 (⁸)
855 4118 1144 4193 trabem
1210 4116 1607 4192 altitudinis
1672 4115 2206 4212 quinquaginta
2266 4115 2688 4191 cubitorum
2761 4123 2842 4190 ut

499 4236 839 4332 suspendi
880 4237 1156 4314 faceret
1187 4235 1751 4311 Mardochaeum.
1788 4234 2011 4310 Facto
2045 4243 2299 4311 autem
2349 4235 2678 4332 prandio,
2716 4256 2844 4311 re-

619 4464 677 4530 (¹)
711 4465 774 4516 E.
805 4471 1014 4529 neptem
1045 4465 1204 4517 fllium
1235 4466 1428 4527 fratris,
1461 4478 1578 4529 qun
1610 4466 1894 4517 vocabatur
1926 4466 2131 4526 Esther,
2165 4479 2320 4530 quam
2355 4465 2711 4529 adoptaveram·

619 4542 677 4681 f)
709 4542 771 4597 Β.
802 4554 986 4593 omnes
1016 4547 1195 4606 gentes
1217 4543 1534 4608 iudeorum.
1909 4541 1964 4607 (⁸)
1997 4547 2105 4603 117,
2139 4548 2332 4594 sectam
2365 4555 2530 4593 snam.

638 4619 675 4680 ⁸)
709 4623 817 4682 117,
852 4620 1074 4685 erigere.
