3704 5559
1205 458 1478 517 CANTUS
1528 460 1842 514 bacmos
1891 459 2278 515 SECUNDUS·
2769 448 2909 523 327

453 600 460 613 ’
565 612 638 680 et
688 606 967 680 dictum
1018 610 1129 678 est
1180 605 1352 698 quid
1404 604 1596 679 fictio
1657 605 2000 699 importet
2059 604 2496 701 allegorice3
2551 605 2713 679 ideo
2765 626 2911 679 non

566 729 780 821 plura
840 726 979 799 hic.
1042 726 1227 799 Dicit
1302 746 1538 821 ergo:
1624 730 1892 799 Vedeva
1944 730 2275 816 BriareO,
2325 726 2769 800 immensum
2805 727 2916 823 gi-

575 852 899 943 gantem,
955 845 1083 938 qui
1134 844 1236 918 sic
1286 845 1519 919 dictus
1571 851 1702 939 est,
1748 846 1955 939 quasi
2008 845 2186 918 briae
2240 866 2436 940 reuS,
2472 846 2652 920 idest
2706 866 2917 919 men-

570 985 799 1059 surae,
869 967 1019 1057 ficto
1095 967 1223 1037 dal
1279 968 1408 1036 telo
1459 967 1802 1055 celestia,
1869 965 2080 1057 idest,
2158 984 2204 1037 a
2279 964 2620 1058 fulmine,
2675 968 2919 1055 yiacer

568 1106 792 1177 yrave
842 1107 889 1158 a
947 1088 1020 1158 la
1070 1092 1293 1175 terra,
1363 1090 1662 1179 propter
1728 1084 2303 1180 magnitudinem
2368 1085 2715 1179 corporiS,
2785 1106 2920 1178 per

574 1212 644 1281 lo
695 1209 956 1280 morial
1001 1209 1181 1297 gele,
1261 1204 1428 1298 quia
1462 1199 1536 1296 (¹)
1582 1226 1780 1278 mors
1825 1205 2057 1279 reddit
2098 1225 2366 1299 corpus
2406 1204 2730 1300 gelidum
2785 1223 2917 1277 ex-

575 1328 797 1401 tincto
847 1326 1094 1400 calore
1148 1325 1485 1418 naturali,
1538 1332 1610 1399 et
1661 1326 1862 1400 calor
1914 1324 2275 1419 superbiae
2337 1330 2496 1398 erat
2554 1325 2917 1399 extinctus

570 1447 642 1519 in
696 1468 823 1540 eo;
875 1448 972 1518 da
1022 1450 1066 1518 ι’
1091 1450 1280 1518 altra
1325 1452 1557 1538 parte,
1592 1446 1881 1538 scilicet,
1931 1465 2025 1520 ex
2072 1446 2398 1541 opposito
2448 1447 2782 1520 Luciferi.
2826 1447 2918 1520 Et

576 1571 766 1640 tacta
817 1565 1323 1639 fulminatione
1376 1566 1593 1637 unius
1642 1565 1955 1661 gigantis
1991 1565 2313 1639 maxime
2355 1565 2715 1659 terribiliS,
2756 1571 2917 1639 tan-

572 1686 679 1781 git
729 1684 1308 1758 fulminationem
1351 1692 1797 1759 caeterorum
1838 1684 2225 1780 gigantum
2279 1686 2352 1757 in
2414 1686 2674 1759 eodem
2720 1686 2908 1760 bello

576 1804 939 1901 giganteo,
978 1826 1162 1898 quos
1196 1826 1455 1879 omnes
1490 1804 1817 1900 luppiter
1852 1825 2026 1878 cum
2070 1805 2228 1878 filiis
2277 1806 2429 1879 suis
2481 1806 2913 1880 fulminavit.

570 1925 754 1999 Dicit
802 1946 1029 2021 ergo:
1083 1929 1298 1998 vedea
1348 1946 1574 1997 ancer
1635 1925 1976 2016 TimbreO,
2028 1925 2236 2019 idest,
2289 1926 2625 2001 videbam
2692 1926 2912 2000 etiam

574 2044 1008 2140 Apollinem,
1074 2047 1199 2139 qui
1259 2046 1361 2120 sic
1438 2046 1701 2120 dicitur
1764 2067 1810 2120 a
1889 2047 2209 2142 Tymbra
2271 2047 2531 2142 insula,
2596 2052 2915 2141 Pallade,

577 2185 744 2259 quae
795 2171 867 2239 et
915 2165 1236 2239 Minerva
1286 2166 1576 2260 dicitur,
1618 2187 1655 2238 e
1704 2172 1960 2257 Marte,
2013 2166 2139 2259 qui
2189 2173 2299 2241 est
2366 2167 2547 2241 deus
2597 2170 2790 2264 belli,
2842 2176 2916 2244 et

571 2306 829 2360 omnes
879 2285 1223 2359 dicuntur
1274 2286 1393 2358 filii
1444 2286 1662 2380 Jovis,
1715 2290 2003 2377 armati,
2057 2287 2351 2380 scilicet,
2386 2288 2639 2383 Apollo
2693 2290 2915 2384 sagit-

569 2406 680 2499 tis,
737 2406 970 2478 Pallas
1019 2412 1228 2480 scuto
1280 2412 1353 2480 et
1403 2407 1633 2501 hasta,
1688 2409 1879 2481 Mars
1929 2408 2270 2481 omnibus
2329 2409 2577 2501 armiS,
2630 2413 2911 2483 intorno

567 2527 644 2597 al
676 2527 909 2617 padre
947 2528 1088 2615 lor,
1124 2525 1392 2599 scilicet
1432 2526 1715 2619 Jovem,
1751 2529 1982 2598 mirar
2031 2530 2094 2598 le
2141 2528 2453 2599 membra
2504 2530 2609 2599 de'
2634 2532 2907 2618 yiyanci

566 2653 830 2738 sparte,
883 2645 1083 2739 idest,
1124 2645 1498 2740 dispartita
1550 2668 1596 2721 a
1648 2646 2073 2720 fulminibus
2124 2651 2197 2720 et
2247 2668 2498 2740 sparsa
2534 2668 2666 2741 per
2699 2668 2905 2721 cam-

566 2786 698 2860 pos
746 2764 1027 2861 Flegrae
1079 2765 1151 2838 in
1204 2766 1505 2863 regione
1557 2766 1969 2860 Thessaliae,
2023 2771 2105 2838 ut
2156 2765 2427 2840 dictum
2484 2771 2593 2841 est
2644 2766 2911 2842 Inferni

567 2884 885 2978 capitulo
936 2886 1142 2958 Xllll.
1196 2886 1284 2959 Et
1334 2887 1472 2980 hic,
1526 2886 1774 2979 lector,
1839 2886 2005 2959 volo
2056 2890 2129 2959 te
2181 2891 2441 2959 notare
2496 2907 2725 2959 unum
2778 2908 2914 2981 pro

567 3004 1038 3101 intelligentia
1089 3005 1308 3080 huius
1350 3006 1603 3100 literae,
1641 3011 1715 3080 et
1749 3005 2200 3099 expositione
2237 3007 2643 3079 multorum
2686 3006 2918 3080 dicto-

569 3146 741 3198 rum
795 3124 1117 3218 ipsorum
1154 3131 1531 3220 autorum,
1568 3125 1923 3219 videlicet,
1960 3125 2156 3219 quod
2193 3126 2472 3220 antiqui
2516 3126 2915 3222 philosophi

569 3251 641 3320 et
693 3251 950 3339 poetae,
1003 3245 1171 3320 licet
1233 3246 1658 3320 viderentur
1707 3266 1986 3340 ponere
2044 3246 2292 3340 plures
2366 3246 2543 3322 deos
2593 3253 2667 3321 et
2716 3247 2911 3340 deas,

567 3371 817 3440 tamen
868 3366 962 3440 de
1022 3365 1129 3439 rei
1193 3366 1503 3440 veritate
1577 3366 1945 3460 ponebant
2003 3387 2237 3439 unum
2302 3365 2553 3461 deum,
2615 3367 2742 3461 qui
2809 3373 2918 3441 est

565 3486 802 3581 prima
852 3506 1079 3560 causa
1132 3486 1515 3580 omnium;
1568 3487 1695 3560 sed
1747 3492 1982 3580 poetae
2034 3506 2166 3580 per
2220 3491 2325 3560 tot
2375 3486 2550 3560 deos
2601 3493 2676 3560 et
2744 3485 2917 3560 deas

570 3603 1068 3700 intelligebant
1093 3603 1335 3678 varias
1359 3610 1776 3699 potestateS,
1806 3606 2116 3680 virtutes
2150 3611 2224 3680 et
2260 3606 2562 3680 effectus
2599 3606 2818 3680 unius
2839 3597 2914 3698 (²)

566 3724 720 3817 Dei,
774 3724 873 3798 ita
924 3723 1120 3818 quod
1173 3746 1366 3798 unus
1416 3731 1490 3799 et
1540 3725 1732 3800 idem
1786 3726 2117 3820 luppiter
2152 3732 2312 3800 erat
2346 3725 2601 3820 Apollo
2640 3733 2713 3800 et
2748 3726 2916 3799 Pal-

568 3845 673 3917 las
722 3844 797 3917 in
846 3844 1217 3939 sapientia,
1254 3846 1444 3919 Mars
1483 3845 1557 3918 in
1592 3846 1939 3940 potentia,
1973 3846 2381 3921 Mercurius
2434 3846 2505 3919 in
2557 3847 2916 3939 eloquen-

567 3964 688 4058 tia,
743 3969 815 4039 et
866 3964 963 4039 ita
1015 3965 1107 4040 de
1160 3966 1454 4059 multis3
1533 3965 1729 4059 quod
1795 3971 2031 4039 totum
2096 3965 2525 4039 mirabiliter
2590 3971 2665 4040 et
2716 3966 2917 4038 clare

564 4084 921 4180 expressit
969 4085 1303 4159 Valerius
1354 4086 1678 4160 Soranus
1718 4093 1935 4180 poeta
1970 4086 2237 4159 latinus
2287 4085 2360 4158 in
2411 4085 2703 4159 duobus
2738 4104 2913 4159 ver-

569 4205 793 4299 sibus,
844 4205 948 4279 sic
978 4196 1051 4298 (³)
1106 4205 1400 4280 dicens:
1451 4208 1768 4298 Iuppiter
1801 4209 2230 4300 omnipotens
2263 4226 2509 4296 reyum
2540 4224 2915 4297 rerumque

2877 4350 2920 4361 .—

689 4422 742 4484 (¹)
779 4421 840 4472 B.
873 4422 1008 4473 idest
1041 4424 1179 4488 quia.

690 4495 748 4561 (¹)
778 4498 839 4549 E.
874 4500 1028 4549 unius
1058 4502 1218 4553 solius
1251 4501 1347 4551 Dei
1379 4500 1470 4566 qui
1500 4506 1579 4552 est
1612 4501 1781 4565 prima
1814 4516 1967 4553 causa
1999 4503 2251 4565 omnium,
2286 4502 2356 4553 ita
2387 4503 2547 4567 quod.

690 4572 745 4637 (⁸)
779 4574 841 4625 Β.
874 4587 906 4625 e
936 4574 989 4626 S.
1023 4576 1247 4629 breviter
1279 4578 1353 4629 sic
1385 4579 1578 4629 dicens.
