3704 5559
1392 483 1674 538 cAN‘rus
1727 484 2062 538 nmmos.
2757 473 2897 539 277

553 632 747 705 latus
796 629 1202 704 secundum
1258 637 1543 704 motum
1596 630 1870 725 lapidiS,
1923 629 2122 723 quod
2182 630 2507 704 declarat
2556 651 2688 726 per
2738 653 2900 708 mo-

553 759 715 826 tum
769 753 988 843 lunae,
1038 749 1321 823 dicens:
1374 757 1592 840 caum,
1644 753 1763 823 che
1813 754 1882 823 lo
1932 771 2157 822 soemo
2208 754 2393 825 della
2443 755 2637 843 luna,
2692 753 2895 847 idest,

554 873 728 945 luna
757 891 923 964 quae
950 876 1112 944 erat
1137 869 1320 944 sima
1341 863 1441 964 (¹),
1471 870 1643 963 quia
1661 871 1818 965 Jam
1847 877 2008 944 erat
2032 871 2391 945 diminuta
2417 894 2549 966 per
2575 880 2899 966 quatuor

553 992 707 1066 dies
774 998 935 1085 post
1002 989 1506 1084 plenilunium.
1572 992 1750 1064 Erat
1818 991 2014 1065 enim
2083 994 2255 1065 luna
2324 993 2535 1086 plena
2605 995 2900 1088 quando

555 1113 824 1186 Dantes
873 1111 1171 1184 intravit
1223 1109 1614 1205 infernum,
1659 1111 1732 1184 in
1785 1132 1935 1203 quo
1987 1111 2182 1187 stetit
2231 1132 2362 1205 per
2416 1119 2564 1187 tres
2614 1113 2789 1206 dieS,
2827 1121 2902 1188 et

549 1232 706 1326 jam
773 1236 1074 1305 steterat
1142 1230 1216 1303 in
1286 1231 1712 1328 purgatorio
1780 1252 1914 1326 per
1991 1254 2216 1306 unam
2281 1233 2501 1327 diem,
2569 1240 2641 1309 et
2702 1255 2900 1308 nunc

555 1357 716 1426 erat
765 1350 840 1423 in
889 1351 1232 1425 secunda.
1288 1351 1449 1425 Jam
1504 1352 1697 1426 enim
1750 1352 2015 1425 audisti
2075 1353 2146 1425 in
2213 1355 2650 1447 praecedenti
2702 1353 2901 1450 capi-

558 1473 712 1546 tulo
764 1471 962 1565 quod
1013 1472 1120 1544 sol
1173 1477 1334 1544 erat
1383 1473 1574 1544 altus
1625 1471 1913 1545 duabus
1966 1473 2183 1567 horiS,
2239 1480 2313 1548 et
2366 1496 2560 1549 nunc
2625 1494 2902 1568 expen-

555 1592 815 1667 derant
866 1612 1090 1664 unam
1144 1592 1402 1666 horam
1438 1591 1511 1663 in
1548 1591 1683 1665 ista
1721 1592 1860 1685 via,
1895 1592 1994 1666 ita
2032 1594 2228 1686 quod
2263 1601 2424 1668 erat
2459 1595 2667 1688 quasi
2718 1595 2901 1669 hora

555 1711 982 1804 tertiarum3
1040 1711 1234 1784 unde
1283 1711 1491 1784 dicit:
1543 1714 1880 1802 riqiunse,
1927 1712 2001 1784 in
2052 1712 2207 1807 ipso
2258 1714 2582 1788 secundo
2634 1714 2776 1805 die,
2825 1719 2903 1788 al

557 1834 713 1904 letto
761 1852 915 1920 sua,
985 1831 1167 1904 idest
1230 1831 1323 1904 ad
1383 1851 1755 1924 occasum,
1795 1853 1935 1922 per
1984 1835 2350 1925 concur-si,
2410 1834 2613 1928 idest,
2667 1856 2891 1909 causa

557 1950 953 2025 collocandi
1005 1970 1108 2042 se,
1163 1950 1358 2043 quia,
1403 1951 1695 2043 quando
1747 1951 2065 2044 disparet
2109 1953 2315 2026 nobis
2351 1953 2423 2026 in
2460 1975 2750 2048 occasu,
2790 1955 2900 2029 vi-

554 2071 771 2145 detur
821 2070 1028 2164 quasi
1088 2071 1199 2145 ire
1269 2078 1662 2165 pausatum
1730 2072 1823 2145 ad
1888 2074 2161 2146 lectum
2227 2096 2497 2168 suum3
2553 2080 2721 2168 pria
2782 2080 2901 2150 che

554 2194 678 2264 noi
721 2193 1014 2285 sossimo
1056 2195 1228 2285 [τιον
1279 2194 1354 2264 di
1403 2195 1630 2282 quella
1679 2213 1932 2283 crana,
1977 2192 2180 2286 idest,
2226 2202 2435 2269 extra
2484 2204 2769 2290 petram
2816 2197 2903 2271 il-

555 2312 728 2405 lam,
783 2331 951 2403 quae
1004 2318 1163 2384 erat
1212 2311 1440 2384 divisa
1494 2318 1566 2385 et
1613 2318 1839 2406 arcta,
1877 2312 2062 2386 sicut
2098 2314 2428 2390 foramen
2466 2338 2666 2410 acuS,
2705 2318 2901 2410 quod

556 2437 665 2506 est
717 2450 849 2524 per
900 2432 1204 2525 longum
1259 2430 1628 2525 strictum,
1683 2432 1800 2505 vel
1851 2434 2259 2507 secundum
2312 2436 2531 2510 aliam
2585 2437 2898 2528 literam,

555 2571 761 2643 cuna,
815 2557 888 2624 et
940 2556 1114 2623 tunc
1165 2550 1402 2624 dicam
1457 2552 1652 2643 quod
1714 2552 2028 2646 appellat
2086 2553 2298 2627 istam
2369 2554 2562 2628 viam
2629 2576 2899 2628 cunam

556 2691 686 2765 per
761 2672 1093 2765 pulcram
1168 2673 1697 2765 metaphoram,
1772 2672 1946 2766 quia
2020 2673 2256 2766 prima
2334 2674 2531 2747 initia
2608 2675 2895 2751 virtutis

558 2798 758 2867 recte
806 2798 1108 2886 possunt
1159 2792 1296 2866 dici
1348 2792 1818 2887 incunabula,
1873 2792 2141 2886 quibus
2193 2795 2414 2868 homo
2466 2795 2705 2889 primo
2758 2816 2897 2868 nu-

557 2911 795 2985 tritur.
823 2918 1071 2985 —Ma
1123 2915 1424 3003 quando.
1478 2913 1608 2987 Hic
1657 2920 1874 3007 poeta
1923 2913 2282 3008 descripta
2326 2916 2563 3009 prima
2606 2917 2722 2990 via
2765 2916 2901 2989 dis-

556 3031 721 3106 ficili
774 3033 1009 3124 valde,
1061 3054 1258 3107 nunc
1308 3033 1648 3107 describit
1701 3033 1895 3106 viam
1958 3034 2383 3128 generalem
2439 3036 2671 3132 magis
2723 3036 2900 3111 faci-

555 3153 698 3227 lem
755 3173 888 3246 per
950 3174 1174 3245 quam
1229 3153 1375 3225 itur
1430 3173 1667 3246 usque
1730 3152 1822 3225 ad
1895 3174 2277 3226 summum
2330 3156 2757 3250 purgatorii.
2814 3157 2900 3229 Et

556 3274 727 3367 quia
764 3274 972 3347 litera
1018 3273 1307 3347 videtur
1360 3273 1571 3346 nimis
1612 3273 1952 3367 obscura,
1990 3274 2082 3346 ad
2119 3274 2307 3347 illius
2350 3274 2899 3372 intelligentiam

556 3382 832 3469 claram
887 3394 1053 3467 volo
1105 3400 1178 3466 te
1232 3392 1637 3487 imaginari,
1674 3393 1871 3486 quod
1911 3394 2047 3468 iste
2083 3415 2292 3468 mons
2342 3396 2748 3491 purgatorii
2791 3403 2902 3471 est

557 3520 937 3608 tamquam
991 3513 1216 3586 turris
1279 3514 1592 3587 rotunda
1645 3513 1993 3589 altissima
2054 3515 2248 3589 circa
2309 3538 2532 3609 quam
2597 3518 2686 3590 sit
2753 3539 2901 3592 una

559 3635 711 3707 sola
749 3633 864 3706 via
899 3633 1085 3707 facta
1120 3634 1193 3706 in
1228 3633 1542 3707 circuitu
1575 3634 1668 3707 ad
1705 3635 2199 3709 revolutiones
2227 3657 2355 3730 per
2389 3659 2612 3730 quam
2641 3659 2899 3712 ascen-

556 3752 756 3826 ditur
807 3774 1043 3846 usque
1092 3752 1185 3827 ad
1235 3773 1654 3846 summum,
1704 3753 1861 3826 talis
1914 3760 2023 3826 est
2076 3775 2224 3828 una
2260 3755 2377 3828 via
2428 3756 2624 3829 circa
2673 3757 2898 3828 istum

558 3879 910 3967 montem,
963 3895 1129 3967 quae
1178 3874 1585 3969 appellatur
1636 3876 1935 3963 cornice,
1988 3880 2062 3947 et
2111 3874 2441 3949 distincta
2494 3877 2567 3949 in
2618 3884 2896 3971 septem

555 3992 850 4087 graduS,
891 3993 964 4066 in
1015 3993 1281 4088 quibus
1315 3999 1728 4089 purgantur
1770 3998 2048 4086 septem
2085 4014 2362 4088 genera
2399 4002 2899 4090 peccatorum,

557 4118 629 4187 et
681 4133 873 4185 unus
922 4114 1198 4208 gradus
1261 4120 1371 4188 est
1437 4113 1812 4186 distinctus
1870 4112 1964 4185 ab
2029 4112 2195 4206 alio,
2249 4120 2325 4187 et
2376 4115 2673 4187 clausus
2724 4137 2897 4190 cum

556 4239 788 4327 porta.
842 4233 949 4306 Ad
1001 4233 1286 4307 literam
1355 4254 1574 4330 ergo:
1628 4233 1797 4307 dicit
1847 4240 2086 4327 poeta,
2150 4234 2345 4326 quod
2398 4244 2898 4329 pervenerunt

554 4351 648 4424 ad
697 4352 911 4424 istam
964 4353 1156 4426 viam
1212 4353 1634 4444 faciliorem,
1684 4352 1964 4426 dicens:
2019 4358 2145 4425 Ma
2186 4357 2468 4444 quando
2502 4360 2769 4448 sumnzo
2813 4360 2901 4431 li-

558 4514 2902 4555 ————-——5————————

681 4613 737 4676 (¹)
770 4613 832 4662 E.
864 4614 1039 4664 ocima.
