3704 5559
937 484 1079 550 476
1655 496 2062 553 COMENTUM
2113 499 2549 553 PURGATonn

933 645 1177 737 nisesto
1229 645 1273 714 l'
1290 662 1503 714 error
1560 644 1911 733 de’cieclti,
1965 642 2167 735 idest,
2222 641 2719 736 quorumdam
2779 641 3276 738 ignorantum,

931 764 1049 834 che
1081 764 1144 833 si
1168 765 1395 854 fanno
1434 764 1618 852 duci,
1645 761 1850 855 idest,
1878 760 2214 836 doctores
2240 754 2341 854 (¹),
2370 761 2691 836 dicentes
2735 781 3033 836 omnem
3069 784 3278 837 amo-

932 899 1088 954 rem
1142 901 1303 955 esse
1352 880 1820 973 laudabilem,
1874 887 1957 953 ut
2007 880 2271 955 dicitur
2314 881 2522 974 infra,
2576 881 2773 974 quod
2826 881 3089 956 falsum
3138 890 3270 957 est.

930 1000 1017 1072 Et
1057 1002 1307 1074 volens
1343 1000 1751 1093 ostendere,
1789 1000 1963 1094 quid
1999 1001 2090 1074 sit
2124 1021 2359 1094 amor,
2398 1000 2643 1095 incipit
2675 1022 2942 1094 parum
2979 1024 3023 1076 a
3058 1003 3272 1098 longe

933 1119 1029 1191 ab
1080 1118 1303 1213 ipsius
1366 1120 1631 1214 radice,
1685 1121 1972 1195 dicens:
2026 1124 2070 1194 l'
2097 1125 2336 1194 animo
2386 1123 2486 1193 ch’
2513 1144 2551 1194 e
2608 1129 2845 1195 ονεαιο
2907 1125 3008 1194 ad
3066 1145 3274 1195 amar

923 1245 1189 1331 prestO,
1241 1239 1412 1332 quia
1464 1240 1651 1313 sicut
1699 1240 1977 1314 dictum
2022 1247 2133 1315 est
2175 1242 2249 1314 in
2293 1241 2609 1336 capitulo
2646 1242 3106 1336 praecedenti,
3141 1262 3272 1317 nec

935 1366 1248 1453 creator,
1285 1379 1423 1434 nec
1465 1366 1808 1435 creatura
1858 1360 1996 1433 fuit
2047 1382 2375 1455 unquam
2414 1361 2571 1434 sine
2610 1381 2892 1455 amore,
2927 1386 2964 1435 e
3005 1364 3271 1453 mobile,

937 1478 1140 1572 idest,
1193 1479 1638 1573 inclinabilis,
1691 1483 1791 1553 ad
1838 1484 2008 1571 oqui
2037 1501 2205 1553 cosa
2237 1484 2355 1554 che
2386 1484 2415 1553 i
2438 1484 2663 1572 piace,
2700 1480 2903 1574 idest,
2940 1480 3034 1554 ad
3068 1482 3272 1574 quic-

937 1599 1112 1692 quid
1162 1600 1473 1674 delectat
1524 1599 1786 1693 ipsum,
1840 1606 2015 1672 tosto
2064 1603 2185 1673 che
2232 1595 2272 1673 e
2326 1603 2543 1691 destO,
2598 1600 2801 1694 idest,
2855 1621 3079 1694 quam
3134 1600 3273 1674 cito

937 1721 1300 1795 excitatur
1352 1726 1427 1794 et
1477 1726 1846 1815 movetur,
1882 1723 2008 1793 dal
2031 1726 2274 1814 piacer
2325 1724 2597 1812 innam,
2635 1722 2839 1814 idest,
2876 1721 3071 1795 intus
3105 1726 3272 1795 nata

935 1842 1436 1916 delectatione.
1466 1839 1669 1914 Sicut
1702 1861 1874 1915 cum
1914 1842 2116 1917 vides
2151 1842 2543 1915 mulierem
2579 1841 3004 1936 speciosam,
3041 1841 3272 1915 forma

939 1961 1127 2034 illius
1179 1962 1400 2034 intrat
1449 1979 1581 2055 per
1631 1960 1987 2035 fenestras
2037 1962 2429 2036 oculorum
2466 1961 2540 2033 in
2575 1981 2951 2036 camaram
2985 1961 3270 2053 animae,

937 2087 1012 2154 et
1046 2087 1292 2154 movet
1326 2080 1417 2153 ad
1452 2080 1852 2153 amandum
1887 2081 2083 2155 illam
2120 2082 2458 2175 quamvis
2489 2082 2871 2157 absentem
2905 2083 3020 2156 vel
3054 2101 3272 2154 num-

938 2220 1162 2293 quam
1216 2199 1625 2274 videndam.
1680 2201 1768 2272 Et
1816 2201 2141 2275 declarat
2193 2201 2390 2295 quod
2448 2201 2647 2294 dixit,
2700 2200 2980 2276 dicens:
3037 2211 3271 2274 vostra

937 2323 1362 2412 apprensiva
1387 2327 1637 2411 trayye
1668 2323 2082 2413 intenzione,
2113 2323 2399 2415 mentis,
2424 2323 2522 2394 da
2548 2343 2735 2395 esser
2770 2344 3041 2414 verace,
3072 2323 3269 2415 idest,

937 2459 983 2513 a
1018 2459 1102 2512 re
1134 2459 1314 2513 vera
1348 2445 1558 2514 extra
1584 2440 1975 2534 existente,
2004 2442 2177 2534 quia
2214 2442 2385 2515 nihil
2422 2448 2531 2516 est
2566 2443 2933 2518 intellectu
2966 2434 3042 2534 (²)
3080 2443 3270 2537 quod

940 2579 1084 2633 non
1136 2558 1341 2653 prius
1391 2559 1612 2633 fuerit
1663 2560 1734 2632 in
1786 2581 2028 2654 sensu,
2083 2568 2155 2636 et
2208 2562 2430 2636 intrat
2479 2563 2548 2635 in
2602 2563 2921 2638 animam
2984 2584 3116 2658 per
3166 2564 3273 2638 vi-

938 2701 1104 2754 sum
1176 2681 1293 2754 vel
1360 2680 1695 2754 auditum
1767 2687 1904 2755 etc.
1966 2681 2172 2757 Unde
2235 2681 2442 2756 dicit:
2506 2704 2544 2755 e
2604 2685 2853 2755 dena-o
2920 2704 2967 2754 a
3028 2686 3142 2755 voi
3201 2686 3271 2755 la

935 2804 1203 2893 spieya,
1238 2801 1531 2894 scilicet,
1568 2801 1763 2874 illam
1805 2822 1962 2876 rem
2001 2823 2169 2895 quae
2204 2804 2460 2898 placet,
2496 2796 2556 2876 εὶ
2596 2806 2717 2876 che
2753 2808 2915 2897 sace
2959 2807 3272 2895 l'animo,

937 2921 1140 3016 idest,
1196 2923 1673 3014 voluntatem,
1728 2925 1970 3012 volyer
2020 2925 2121 2995 ad
2166 2945 2350 3014 essa,
2400 2923 2671 2997 scilicet
2722 2944 2906 3018 rem,
2968 2946 3005 2996 e
3051 2946 3125 2997 se
3171 2927 3274 2996 ri-

937 3046 1146 3132 υοῐιο,
1198 3042 1349 3135 ipse
1412 3041 1724 3135 animuS,
1777 3045 1840 3113 si
1889 3045 2102 3134 pieya
2148 3047 2223 3115 in
2276 3039 2399 3115 υέν
2448 3047 2522 3116 di
2571 3047 2680 3134 lei,
2733 3044 3026 3136 scilicet,
3087 3044 3276 3117 illius

937 3164 1065 3237 rei.
1118 3163 1312 3258 Ergo
1362 3182 1576 3236 amor
1626 3172 1736 3237 est
1787 3161 2153 3239 inclinatio
2204 3163 2427 3236 animi
2486 3163 2580 3237 ad
2642 3184 2806 3238 rem
2870 3164 2998 3238 sibi
3048 3164 3273 3258 placi-

937 3288 1087 3354 tam
1142 3281 1461 3354 oblatam
1511 3281 1607 3355 ab
1660 3286 1908 3374 extra3
1964 3280 2157 3355 unde
2208 3282 2416 3356 dicit:
2462 3287 2619 3374 quel
2647 3286 2902 3375 pieqar
2934 3281 2973 3357 e*
3003 3261 3274 3375 an‘tore,

937 3401 1159 3492 quello
1209 3396 1249 3472 e*
1294 3406 1581 3490 namra,
1624 3400 1793 3492 quia
1831 3406 2067 3495 potest
2100 3402 2235 3476 dici
2273 3403 2610 3496 quaedam
2658 3410 2922 3478 natura
2957 3404 3049 3478 de
3083 3423 3274 3477 novo

938 3521 1288 3614 impressa
1339 3518 1411 3591 in
1464 3517 1731 3612 animo,
1767 3521 1889 3592 che
1935 3524 2010 3592 in
2050 3524 2168 3594 voi
2212 3525 2278 3594 si
2326 3526 2507 3613 leya,
2543 3523 2748 3619 idest,
2790 3532 3110 3618 creatur,
3144 3544 3273 3596 con

930 3643 1174 3733 piacer
1222 3642 1297 3712 di
1345 3642 1481 3729 voi,
1535 3638 1808 3714 virtute
1862 3639 1968 3715 rei
2018 3641 2386 3735 placibilis.
2416 3682 2513 3695 —
2540 3647 2691 3716 Poi.
2753 3644 2884 3718 Hic
2935 3643 3274 3740 Virgilius

935 3760 1103 3834 data
1151 3759 1575 3833 diffinitione
1623 3759 1899 3832 amoris
1949 3760 2260 3834 ostendit
2309 3781 2441 3854 per
2483 3764 3107 3857 comparationem
3145 3784 3276 3837 na-

937 3883 1251 3956 turalem
1292 3881 1437 3954 vim
1477 3886 1552 3954 et
1587 3880 1989 3954 efficaciam
2026 3881 2335 3975 amoris;
2366 3883 2562 3957 unde
2594 3884 2799 3959 dicit:
2828 3887 2954 3977 poi
2983 3887 3274 3957 tammo

929 4023 1168 4094 pres0,
1221 4001 1512 4095 scilicet,
1565 4002 1659 4074 ab
1708 4021 1992 4095 amore,
2027 4009 2231 4074 encra
2280 4006 2355 4075 in
2406 4006 2644 4094 dis-ire,
2683 4005 2887 4099 idest,
2925 4005 3115 4100 capit
3148 4004 3277 4079 de·-

933 4123 1279 4196 siderIum
1337 4123 1441 4197 rei
1486 4128 1774 4215 amatae,
1811 4125 1931 4195 che
1979 4118 2022 4196 e*
2068 4132 2252 4197 moto
2292 4127 2630 4217 spiritale,
2668 4125 2872 4219 idest,
2910 4126 3107 4220 quod
3150 4127 3279 4202 de-

934 4241 1281 4315 siderium
1335 4247 1444 4314 est
1497 4250 1739 4316 motus
1790 4242 2206 4337 spiritualiS,
2242 4266 2279 4316 e
2313 4248 2458 4317 mai
2488 4266 2633 4318 non
2667 4267 2852 4337 posa
2895 4248 2999 4338 fin
3049 4248 3171 4319 che
3204 4250 3276 4320 la

932 4380 1100 4432 cosa
1149 4368 1389 4433 amata
1435 4364 1491 4434 il
1530 4366 1615 4456 sa
1662 4367 1914 4454 yioire,
1950 4364 2156 4456 idest,
2192 4364 2424 4439 donec
2479 4367 2667 4460 capit
2709 4366 3033 4442 fructum
3072 4376 3280 4462 opta-

1058 4621 1110 4683 (¹)
1143 4619 1203 4670 Ε.
1238 4623 1496 4672 ductores.
1996 4622 2052 4686 (Ἴ
2084 4624 2144 4674 Ε.
2171 4637 2202 4674 e
2233 4624 2283 4675 S.
2317 4626 2369 4675 in
2402 4626 2689 4677 intellectu.
